2812 4992
522 398 683 458 ...flii-..-

120 604 301 688 ἁμαρτωλοὶ
335 603 372 671 τὸ
409 601 491 671 αὐτά
522 607 654 672 ποιοῦσι.
702 604 838 687 Retico,
875 614 908 670 ut
941 607 1077 684 ridetur,

117 739 205 803 husee
239 757 292 801 rss.
331 733 613 798 Tertullianus
644 736 730 818 unies
767 737 843 801 trano
874 737 913 802 ob
938 755 1080 818 unuin,

117 865 201 950 quod
224 865 261 930 de
285 885 325 930 rs.
350 863 410 942 tt,
433 883 491 948 qno
511 861 638 928 eandem
662 863 749 946 plane
776 866 1079 930 sententiamsirniii·

114 997 174 1060 bue
189 995 251 1059 iere
264 995 361 1059 verbis
374 1011 538 1078 expressam
554 993 695 1074 legimus,
708 993 762 1056 sibi
778 1012 863 1076 agere
879 1005 1082 1078 proposuerat.

117 1125 263 1188 Ceterum
299 1123 435 1188 orationis
462 1130 621 1188 montanae
641 1121 736 1188 indoli
759 1123 824 1188 taiis
848 1122 983 1207 eiusdem
1014 1143 1083 1190 sen·

118 1256 231 1318 tentiae
259 1253 383 1318 erebrior
408 1252 543 1335 repetitio
569 1252 608 1315 ita
634 1253 847 1336 conueniebat,
870 1262 904 1317 ut
927 1253 1000 1320 nulii
1023 1253 1081 1342 du-

117 1383 266 1464 bitemus,
297 1383 367 1464 quin
398 1381 490 1446 etiarn
512 1399 567 1463 ea,
589 1400 666 1464 quae
688 1399 740 1448 ras.
770 1382 836 1464 52,
860 1383 901 1446 55
923 1383 1079 1466 teguntur,

117 1513 260 1596 prinoipio
287 1510 325 1574 ad
348 1529 415 1574 earn
437 1510 634 1594 pertinuerint
656 1511 708 1595 (t).

159 1641 262 1724 Neque
286 1659 374 1723 porro
407 1640 491 1704 aliter
513 1637 551 1704 de
576 1641 766 1724 sequentibus
791 1642 862 1708 iouis
883 1641 1081 1726 judioandurn

110 1770 248 1838 videtur:
286 1769 358 1834 Lue.
384 1768 824 1854 vt11.ttt-te·,te-tttt‚
847 1770 898 1836 tx.
923 1771 986 1854 49,
1014 1775 1078 1850 50,

110 1899 149 1962 X.
174 1899 328 1975 ut-tu,
362 1896 426 1964 xil.
460 1897 527 1980 tto,
561 1898 638 1963 XIV.
669 1900 797 1980 t-tt‚
831 1900 903 1966 ibid.
926 1902 1078 1986 iti-dd,

116 2028 225 2092 xvrtt.
254 2027 404 2104 tet-17,
439 2027 510 2092 ibid.
534 2027 686 2112 98-50,
721 2027 785 2094 XX.
812 2029 964 2113 ott-tt,
999 2031 1077 2096 xxi.

114 2159 197 2220 t-AE
222 2157 289 2242 (2),
322 2156 430 2220 xxtlt.
455 2156 606 2241 27-51,
637 2156 709 2224 ibid.
737 2158 865 2254 4749
896 2161 958 2244 (ubi
989 2163 1075 2228 rerba

111 2303 271 2358 oeeurrunt
295 2293 495 2358 eenturionis:
524 2293 712 2376 δᾶνθρωπος
728 2289 816 2371 οὗτος
833 2296 951 2373 δίκαιος
974 2291 1010 2373 ἦν
1033 2293 1077 2377 (5)

115 2437 147 2490 ot
168 2431 303 2506 γνωστοὶ
326 2429 397 2495 iesu
419 2436 621 2518 memorantur
643 2429 686 2515 (d)
702 2430 723 2512 ).
769 2427 830 2499 iios
854 2447 958 2499 ornnes
971 2434 1076 2515 tonos,

112 2557 167 2620 etsi
194 2557 261 2621 silet
287 2576 337 2622 eos
358 2559 663 2641 Tertullianus,
685 2560 729 2625 rei
752 2561 793 2626 sio
813 2569 913 2626 tamen
928 2561 961 2624 in
976 2560 1074 2626 Euan-

110 2685 189 2768 geiio
222 2687 344 2752 Pontioo
367 2689 527 2770 exstitisse,
549 2707 595 2754 res
615 2697 660 2754 est
685 2689 863 2780 dubitationi
887 2690 967 2756 haud
991 2693 1075 2758 raide

110 2817 261 2898 obnoxia,
284 2819 420 2900 quoeirea
447 2819 538 2882 etiam
572 2819 675 2884 missos
703 2837 753 2885 eos
778 2819 874 2886 faeere
896 2821 982 2887 nobis
1004 2823 1075 2886 tiee-

101 2946 173 3028 ott,
196 2947 248 3010 ubi
275 2945 313 3010 de
340 2948 424 3030 ipso,
450 2947 531 3030 qnod
556 2949 832 3032 interutrumque‚
855 2956 921 3012 tum
947 2947 1073 3014 Marcio·

111 3077 386 3156 nis‚tun1Luoae
416 3077 612 3170 Euangeiiurn
640 3075 798 3143 discrimen
825 3076 957 3152 obtinet,
982 3095 1073 3156 agen·

110 3206 185 3270 dum
209 3206 293 3271 nobis
315 3208 370 3270 erit
392 3207 403 3290 (
425 3207 446 3290 ).

144 3492 180 3557 (1)
196 3494 330 3545 nituerit.
348 3495 365 3546 1.
383 3495 408 3548 l..
418 3512 443 3561 p.
459 3497 500 3548 59.

143 3580 179 3645 (2)
196 3581 341 3632 continetur
356 3581 394 3630 his
414 3598 461 3632 rso.
484 3584 590 3632 narratio
609 3585 696 3633 viduae
712 3585 841 3650 pauperis,
858 3585 951 3632 donum
967 3583 992 3630 in
1008 3599 1074 3632 nera·

106 3667 174 3716 rium
191 3667 353 3728 conserentis,
371 3683 445 3731 quem
461 3670 625 3719 narrationem
639 3671 665 3718 in
680 3669 809 3720 Marcionis
821 3667 956 3732 Euangelio
967 3667 1073 3730 defuisse

106 3756 182 3817 putat
197 3753 420 3816 Schweglerus
437 3752 495 3817 (rid.
511 3756 610 3821 supra),
624 3761 698 3821 negat
713 3761 797 3806 eutem
811 3752 1013 3804 Ritseheliua
1027 3752 1072 3804 tt.

105 3856 132 3906 p.
149 3837 181 3888 61
200 3854 237 3902 sq.

141 3931 177 4000 (3)
195 3950 209 3980 s
227 3934 297 3983 Denn
320 3934 364 3981 das
387 3932 550 3984 Bekenntniss
577 3938 621 3986 des
644 3938 825 4004 Hauptrnnnno:
842 3922 924 3994 dms
946 3953 972 3989 at.
996 3956 1023 3990 r.
1042 3946 1071 3993 λ.

105 4023 178 4071 hatte
193 4022 218 4085 ja
233 4022 324 4072 keinen
340 4020 528 4086 dogmefioehen
544 4020 661 4077 Warthr‘
686 4026 855 4078 ltitsohtt.
873 4027 891 4076 1.
907 4043 932 4093 p.
947 4027 989 4079 63.

140 4115 177 4182 (4)
195 4132 209 4164 a
227 4117 270 4166 tiit
294 4119 343 4167 den
367 4105 479 4179 pinosi
504 4119 563 4168 Jesu
587 4137 670 4172 waren
694 4124 719 4185 ja
743 4121 816 4172 keine
838 4123 1004 4174 Vernandten
1030 4140 1071 4188 pe·

105 4205 212 4254 msint.'¹
237 4207 374 4259 utrecht.
392 4211 409 4259 l.
427 4210 443 4259 i.

141 4292 176 4355 (5)
195 4293 249 4342 Vid.
267 4295 297 4344 de
315 4295 411 4348 locist.
428 4298 574 4348 memoratis.
596 4299 729 4348 nitacht.
748 4299 764 4348 1.
783 4299 799 4347 l.
819 4317 841 4366 p.
859 4299 963 4350 59-63.
