2864 4996
543 401 708 462 .„25.„

149 595 268 684 singulis
290 600 513 683 demonstrare;
536 599 722 665 adumbratio
733 601 812 664 enim
824 603 1007 684 systematis,
1024 599 1104 684 qood

73 739 77 745 “
143 729 273 812 dieitur,
294 729 473 805 bleroionis,
498 728 536 794 ad
569 730 648 795 buno
683 729 783 796 losum
805 747 865 796 non
889 732 1016 814 pertinet
1044 731 1104 814 (l).

143 859 256 924 Notum
289 867 389 924 autem
414 866 477 936 est,
508 858 686 941 Ponticum,
710 859 949 942 »languentem
975 861 1105 944 quippe,

144 997 178 1052 ut
209 987 456 1054 Tertulliani
486 989 581 1052 rerbis
618 997 683 1052 utar
713 1017 727 1044 n
748 991 822 1054 eiroa
853 991 923 1054 meli
958 991 1107 1072 quaestio·

117 1208 120 1212 Ι
144 1145 158 1175 e
178 1137 270 1182 nem:
295 1116 375 1182 unde
397 1115 550 1181 malum?”
565 1113 640 1200 (9),
663 1127 722 1182 tres
736 1120 869 1184 statuisse
892 1120 1032 1182 essentias
1047 1121 1108 1201 pri·
1201 1093 1205 1108 ’

146 1247 278 1328 marias,
301 1247 359 1312 sire
378 1247 434 1310 tria
455 1247 614 1330 principio
638 1249 772 1338 (ἀρχὸς)
797 1266 926 1332 quorum
950 1265 1044 1315 unum
1071 1250 1108 1312 sit

148 1405 344 1471 supremum,
380 1385 460 1470 quotl
493 1405 592 1470 neque
619 1387 739 1452 nomine
774 1385 984 1470 comprehendi
1008 1403 1107 1467 neque

148 1517 209 1579 visu
232 1517 342 1601 percipi
366 1517 478 1601 possit,
500 1535 590 1599 quem
614 1524 644 1579 et
675 1515 790 1580 bouum
821 1516 922 1580 Deum
957 1515 1107 1599 appellat,

148 1665 164 1710 e
187 1665 247 1729 quo
264 1645 336 1710 nibil
359 1647 396 1710 sit
418 1665 546 1729 eorum,
564 1665 640 1730 quae
662 1648 693 1709 in
711 1645 826 1712 mundo
843 1645 1110 1728 sunt‚eouditum.

148 1773 285 1840 Alterum
308 1795 376 1841 reru
397 1776 498 1840 Deum
519 1794 582 1838 esse
604 1775 676 1838 dieit
697 1775 905 1858 aspectabilem
929 1794 963 1838 ae
983 1741 1119 1838 Gnouto-¹

150 1923 228 1968 rem.
273 1905 410 1968 Tertium
441 1902 569 1985 denique
593 1902 764 1966 Diabolum
797 1904 872 1965 inter
898 1903 1002 1968 ambos
1025 1904 1110 1980 illos,

150 2032 363 2118 aspectabilem
387 2033 497 2096 soiliuet
520 2040 550 2096 et
573 2049 642 2097 eum
666 2033 717 2114 qui
740 2031 829 2114 aspiei
866 2032 989 2116 nequit,
1022 2033 1112 2096 inter·

146 2166 263 2248 jeotum
287 2161 347 2246 (5).
392 2161 503 2226 Notum
537 2179 623 2247 porro
648 2170 714 2240 est,
749 2159 899 2244 quomodo
923 2160 1052 2226 blanoion
1075 2160 1113 2224 de

149 2301 277 2376 utroque
298 2291 453 2374 Foedere,
469 2310 538 2356 eum
559 2291 666 2356 Vetere
689 2301 754 2356 tum
770 2291 866 2374 Novo,
882 2291 1024 2373 senserit,
1040 2291 1113 2356 illud

152 2420 190 2484 ad
224 2421 424 2502 Demiurgum
459 2440 570 2504 snum,
605 2441 628 2484 s.
655 2420 753 2485 Deum
777 2428 938 2486 creatorem
964 2419 1113 2503 reserens,

150 2551 202 2634 qui
221 2551 340 2618 nonnisi
355 2551 470 2634 justus
492 2568 554 2615 esse
581 2559 719 2637 poterat;
748 2553 836 2635 hujus
868 2569 935 2616 reru
971 2553 1114 2633 originem

151 2699 168 2745 e
190 2683 321 2766 supremi
346 2701 368 2746 s.
392 2681 467 2746 boui
489 2681 544 2745 llei
569 2681 689 2746 oonsilio
711 2679 866 2763 derivans,
894 2683 970 2764 qui,
992 2682 1114 2746 bomani

155 2813 270 2894 generis
291 2812 381 2876 tristis
403 2813 540 2877 misertus
573 2812 678 2892 sortis,
712 2811 775 2894 ipse
801 2811 926 2874 salutem
958 2811 984 2874 ei
1011 2812 1116 2876 allatu·
1178 2861 1181 2867 .

151 2960 201 3006 rus
223 2939 261 3005 de
285 2940 366 3006 ooelo
393 2940 555 3006 deseendit.
599 2939 703 3024 Neque
735 2943 835 3005 minus
864 2952 969 3006 notum
992 2952 1057 3023 est,
1080 2962 1115 3005 ex

154 3071 219 3152 ejus
256 3069 398 3132 sententia
432 3041 530 3132 Deum
567 3071 652 3133 illum
678 3071 791 3135 bonum
817 3089 876 3135 uon
900 3087 996 3135 revera
1019 3073 1116 3136 borni-

154 3213 225 3260 nem
249 3194 488 3277 subsolanum,
516 3194 569 3260 sed
594 3199 691 3279 speeie
713 3205 829 3262 tantum
852 3205 882 3260 et
903 3197 995 3264 lorma
1019 3201 1116 3266 borni·

154 3325 201 3389 nis
226 3323 368 3390 indutum
395 3326 472 3390 inter
499 3324 606 3389 Atlanti
641 3337 771 3410 posteros
790 3347 846 3412 per
862 3329 981 3413 aliquod
999 3341 1118 3417 tempus

148 3453 377 3539 deambulasse,
401 3473 530 3539 eumque
556 3456 594 3521 ub
618 3456 731 3520 nullam
751 3456 840 3522 aliam
859 3477 979 3524 oausam
997 3461 1118 3526 Christi

147 3567 344 3650 'nomen'sibi
367 3585 547 3660 vindmense,
580 3587 635 3649 nisi
663 3614 677 3641 a
694 3585 745 3650 ut'’
767 3623 807 3634 --
830 3599 898 3653 sunt
925 3590 1010 3654 rerba
1031 3591 1116 3653 'ler-

186 3828 222 3896 ll)
238 3831 273 3882 (ll.
298 3832 328 3881 Δ.
350 3829 506 3882 Nuntiet
526 3833 552 3881 in
577 3847 651 3898 opere
673 3847 733 3882 suo:
760 3835 908 3884 Genetiselre
933 3795 1124 3908 Eutwiolrluag-

154 3917 200 3970 der
216 3919 390 3968 eorneltmsten
402 3918 566 3986 guestisolren
583 3919 709 3984 Systeme.
726 3935 751 3984 p.
767 3918 816 3968 276
831 3935 886 3984 sqq,

188 4001 232 4068 (21
240 4004 301 4053 lldv.
318 4005 392 4054 llere.
410 4005 429 4054 Ι.
447 4005 471 4054 2,

188 4087 223 4152 (3)
240 4090 303 4138 Sunt
319 4092 392 4140 rerba
415 4082 602 4156 llpipbuuii
628 4092 644 4142 l.
665 4093 682 4142 1.
703 4109 727 4158 p.
745 4109 768 4157 p.
786 4091 834 4142 304
851 4110 865 4143 e
884 4097 995 4145 versione
1014 4097 1113 4144 Petarii

79 4229 89 4253 α
156 4175 224 4224 conf.
247 4192 310 4239 quae
332 4178 361 4226 ele
386 4175 433 4227 lrao
460 4186 510 4227 totu
534 4197 559 4228 re
581 4179 667 4228 eximie
684 4181 819 4246 disputarit
840 4181 995 4232 llalrninr
1017 4181 1033 4234 1.
1050 4183 1067 4232 l.
1088 4199 1114 4246 p.

155 4260 187 4310 68
204 4278 258 4326 sqq.
