2812 4992
747 397 908 469 ...ομ

345 608 477 691 terllsse,
500 615 534 675 ut
556 606 629 691 quid
658 607 765 674 exinde
788 629 805 672 a
827 609 950 673 Pentiee
973 605 1123 672 sublatum
1148 616 1246 692 esset,
1270 623 1312 674 ne

346 742 434 806 verbe
462 739 585 823 quidem
610 737 753 803 iudiearet
767 737 820 823 (l).
865 737 906 804 Ut
928 735 966 802 de
988 736 1110 820 singulis
1133 738 1311 822 rideamne,

347 871 458 953 absque
480 869 585 934 idonea
610 887 697 932 eausa
723 868 917 932 Halmium
940 867 1096 933 verberum
1118 869 1141 932 l.
1167 867 1225 932 17:
1243 897 1311 941 pp.

349 1012 405 1087 tete
422 1010 623 1093 γέγραπται·
647 1012 662 1077 d
691 1009 809 1086 δίκαιος
829 1011 864 1076 ἐκ
889 1010 1024 1084 πίστεως
1048 1007 1179 1092 ζήσεται
1201 1003 1232 1066 in
1258 1021 1313 1067 ⁰⁰-

350 1139 415 1204 diee
437 1140 596 1204 Mareienis
617 1139 780 1202 absentiam
803 1138 936 1202 statuisse
959 1137 1013 1221 (2).
1059 1133 1146 1214 Quod
1168 1141 1234 1217 pest
1261 1151 1314 1196 re-

350 1270 437 1334 citata
462 1269 572 1350 verba,
594 1286 669 1351 quae
693 1267 780 1332 Rem.
802 1266 884 1330 lllll.
907 1268 944 1330 ll
973 1266 1130 1347 leguntur,
1155 1263 1315 1328 Tertul-

352 1400 485 1462 lianus
519 1399 560 1461 sie
592 1398 688 1481 pergit
721 1395 801 1480 (adr.
824 1395 866 1460 lll.
894 1396 930 1460 V.
959 1396 1037 1479 tlt:
1067 1421 1082 1450 a
1101 1391 1181 1460 Salio
1211 1401 1241 1457 et
1264 1393 1317 1458 hie

351 1527 602 1612 »amplissimum
627 1528 788 1611 abruptum
810 1525 963 1590 intercisae
985 1525 1169 1608 scripturae,
1191 1521 1244 1585 sed
1258 1541 1317 1606 ap·
1384 1507 1385 1510 ¹

352 1684 366 1714 a·
386 1656 536 1741 prehende
559 1657 762 1721 testimenium
778 1655 984 1740 perhibentem
999 1654 1167 1737 apostolum
1189 1653 1318 1734 Israeli,

352 1814 367 1844 a
387 1785 468 1870 quod
494 1786 616 1869 quidem
650 1787 748 1851 zelum
781 1785 838 1849 Dei
875 1785 1025 1860 habeant,
1054 1802 1115 1848 uen
1135 1792 1238 1847 tamen
1261 1803 1319 1868 per

351 1945 366 1974 υ
388 1916 558 1982 seientiam”
580 1915 677 2002 (Rem.
702 1915 738 1980 X.
763 1916 818 2000 2),
851 1914 882 1979 id
912 1933 971 1980 nen
994 1915 1033 1977 ita
1059 1933 1129 1978 enm
1156 1913 1317 1980 llahnie

352 2037 561 2132 explicandum
589 2063 673 2126 esse,
702 2065 737 2108 ae
770 2046 794 2107 si
828 2063 904 2127 qnae
937 2021 1106 2128 iuterpesita
1141 2051 1234 2125 sunt,
1265 2053 1314 2108 aut

353 2184 481 2257 cuneta,
503 2183 556 2239 aut
576 2193 684 2255 magna
709 2174 814 2236 saltem
837 2182 979 2258 exparte
1001 2193 1017 2237 a
1044 2173 1193 2238 ltlareiene
1219 2172 1307 2238 deleta

353 2312 475 2369 essent'
493 2304 591 2368 lmmo
611 2304 711 2386 petius
731 2303 860 2366 innuisse
879 2302 1174 2385 Tertullianum,
1198 2304 1230 2366 in
1246 2301 1305 2386 ipse

353 2434 499 2498 haeretice
521 2431 682 2517 exemplari
708 2431 820 2513 aliquid
843 2432 1065 2515 interiaenisse,
1086 2430 1169 2515 qued
1196 2434 1319 2496 traaasi·

355 2563 413 2626 liri
435 2583 456 2626 a
477 2581 510 2626 se
522 2562 637 2643 potuit.
664 2588 678 2617 e
697 2557 884 2644 Abruptnm'’
906 2561 996 2641 igitur
1018 2589 1032 2618 e
1051 2562 1199 2658 intereisae
1214 2561 1319 2646 serip-

353 2687 455 2754 turae'’
477 2691 508 2754 lr.
531 2691 550 2754 l.
576 2695 691 2754 mnium
712 2690 872 2772 seripturae
895 2689 1049 2774 eujusdam
1073 2692 1122 2755 hie
1144 2689 1201 2754 illie
1217 2690 1321 2754 inter-

355 2820 471 2904 polatae
482 2829 597 2904 partem
611 2819 789 2900 significare,
800 2820 924 2882 minime
940 2838 1006 2884 rere
1020 2866 1030 2901 ,
1045 2821 1121 2884 hane
1137 2822 1231 2904 ipsam
1247 2841 1323 2905 par-

353 2949 607 3014 tem'rnutilatam
630 2948 741 3030 luisse,
762 2949 958 3012 hisee'rerbis
978 2948 1101 3013 indicari
1123 2948 1183 3032 (dl.

271 3142 277 3152 ,
398 3079 502 3162 Aeque
536 3079 659 3161 minus,
683 3079 707 3142 si
746 3077 967 3144 Ritsehelie
990 3080 1113 3161 aliisque
1138 3081 1321 3164 auscultes,

353 3209 505 3273 llnhuio
528 3207 754 3272 adsentiendum
773 3208 825 3270 tibi
842 3208 918 3288 erit,
940 3210 1079 3274 statuenti
1092 3212 1213 3293 emnia,
1236 3233 1322 3293 quae
1384 3283 1385 3308 χ

332 3303 335 3308 ¹
353 3337 422 3402 inde
435 3357 451 3400 a
463 3337 549 3402 Rem.
569 3337 639 3401 X.d
659 3355 751 3418 usque
770 3337 808 3398 ad
826 3337 876 3401 Xl.
890 3337 932 3400 52
954 3338 1122 3423 habentur,
1136 3360 1152 3404 a
1164 3341 1325 3407 lllareiene

353 3466 441 3530 luisse
467 3465 591 3528 sublata.
636 3463 789 3529 Enimvero
824 3464 904 3548 qued
938 3469 1028 3531 etiam
1062 3469 1100 3532 de
1134 3471 1214 3534 hisee
1241 3480 1325 3538 taeet
1384 3421 1385 3476 ἲ

386 3665 776 3737 tttniteeh1.1.1.p.1t33.

384 3756 649 3822 (liniamenti
800 3761 805 3767 “

384 3843 419 3910 (3)
437 3859 451 3890 a
468 3844 551 3892 Wenn
570 3843 773 3894 Tertullian
797 3851 874 3895 etwas
897 3848 1070 3913 tiberapringl,
1095 3865 1123 3897 se
1144 3862 1213 3898 must
1236 3854 1322 3900 etwas

350 3930 494 3993 dapevesen
508 3947 575 3995 aepn.
593 3931 649 3980 Dies
667 3935 746 3979 nennt
761 3947 788 3979 er
805 3948 856 3980 nun
870 3932 942 3984 einen
958 3932 1079 3996 abruptus
1091 3931 1222 3982 iutereiaee
1239 3938 1323 4001 aerip-

345 4020 435 4086 tume,
452 4016 523 4065 einen
539 4010 673 4066 Abeehnitt
688 4015 733 4063 der
755 4016 846 4067 Sebrilt
868 4018 910 4066 di·
932 4017 1050 4080 libripens
1062 4015 1322 4084 Venttimmelungen

347 4101 446 4150 erlillen
460 4097 544 4158 hatte;
563 4101 618 4150 daea
639 4101 705 4150 dieae
728 4100 787 4149 eber
810 4099 899 4164 geneda
920 4100 946 4150 iu
971 4099 1064 4150 diesem
1083 4100 1186 4165 lheile,
1201 4105 1322 4156 ndmlieh

250 4249 255 4259 ⁵
337 4188 402 4254 'an
418 4189 443 4238 8.
459 4189 484 4238 9.
508 4187 699 4250 rergekommen
721 4185 803 4251 pelen,
829 4185 909 4236 daven
929 4187 991 4236 wird
1004 4188 1031 4252 je
1047 4189 1136 4252 geneda
1152 4189 1195 4239 elea
1210 4191 1316 4256 Gegen·

344 4267 406 4325 tirell
422 4273 574 4338 behsuptet”
591 4288 616 4322 u.
632 4287 651 4320 ι.
668 4287 700 4320 ιι.
717 4270 862 4322 llitaelul.
880 4271 897 4322 l.
914 4271 932 4322 l.
951 4289 975 4337 p.
994 4272 1051 4323 tel.
