<?xml version="1.0" encoding="UTF-8"?>
<!DOCTYPE html PUBLIC "-//W3C//DTD XHTML 1.0 Transitional//EN"
    "http://www.w3.org/TR/xhtml1/DTD/xhtml1-transitional.dtd">
<html xmlns="http://www.w3.org/1999/xhtml" xml:lang="en" lang="en">
 <head>
  <title>
</title>
<meta http-equiv="Content-Type" content="text/html;charset=utf-8" />
  <meta name='ocr-system' content='tesseract 3.04.00' />
  <meta name='ocr-capabilities' content='ocr_page ocr_carea ocr_par ocr_line ocrx_word'/>
</head>
<body>
  <div class='ocr_page' id='page_1' title='image "./quaestionemdema00hartgoog_0131.png"; bbox 0 0 2812 4992; ppageno 0'>
   <div class='ocr_carea' id='block_1_1' title="bbox 695 400 878 458">
    <p class='ocr_par' dir='ltr' id='par_1_1' title="bbox 695 400 878 458">
     <span class='ocr_line' id='line_1_1' title="bbox 695 400 878 458; baseline 0.005 -1"><span class='ocrx_word' id='word_1_1' title='bbox 695 400 878 458; x_wconf 82' lang='lat' dir='ltr'><strong>-rto-</strong></span> 
     </span>
    </p>
   </div>
   <div class='ocr_carea' id='block_1_2' title="bbox 221 593 1387 1073">
    <p class='ocr_par' dir='ltr' id='par_1_2' title="bbox 221 593 1387 1073">
     <span class='ocr_line' id='line_1_2' title="bbox 315 593 1387 683; baseline -0.005 -17"><span class='ocrx_word' id='word_1_2' title='bbox 315 603 379 666; x_wconf 89' lang='lat' dir='ltr'><strong>lum</strong></span> <span class='ocrx_word' id='word_1_3' title='bbox 404 597 442 664; x_wconf 84' lang='lat' dir='ltr'><strong>ed</strong></span> <span class='ocrx_word' id='word_1_4' title='bbox 464 597 621 664; x_wconf 86' lang='lat' dir='ltr'><strong>ldsreionis</strong></span> <span class='ocrx_word' id='word_1_5' title='bbox 642 596 837 682; x_wconf 75' lang='lat' dir='ltr'><strong>Euangelinm</strong></span> <span class='ocrx_word' id='word_1_6' title='bbox 852 597 926 683; x_wconf 71' lang='lat' dir='ltr'><strong>(ll,</strong></span> <span class='ocrx_word' id='word_1_7' title='bbox 947 595 1110 662; x_wconf 85' lang='lat' dir='ltr'><strong>sedetiam</strong></span> <span class='ocrx_word' id='word_1_8' title='bbox 1131 593 1167 660; x_wconf 85' lang='lat' dir='ltr'><strong>sd</strong></span> <span class='ocrx_word' id='word_1_9' title='bbox 1184 596 1273 679; x_wconf 84' lang='lat' dir='ltr'><strong>hujus</strong></span> <span class='ocrx_word' id='word_1_10' title='bbox 1385 623 1387 660; x_wconf 74' lang='lat' dir='ltr'><strong>r</strong></span> 
     </span>
     <span class='ocr_line' id='line_1_3' title="bbox 315 727 1387 815; baseline -0.001 -21"><span class='ocrx_word' id='word_1_11' title='bbox 315 729 516 794; x_wconf 77' lang='lat' dir='ltr'><strong>Antithesium</strong></span> <span class='ocrx_word' id='word_1_12' title='bbox 549 746 626 812; x_wconf 85' lang='lat' dir='ltr'><strong>opus</strong></span> <span class='ocrx_word' id='word_1_13' title='bbox 652 727 750 793; x_wconf 86' lang='lat' dir='ltr'><strong>editus</strong></span> <span class='ocrx_word' id='word_1_14' title='bbox 772 729 892 814; x_wconf 85' lang='lat' dir='ltr'><strong>patuit,</strong></span> <span class='ocrx_word' id='word_1_15' title='bbox 914 730 1025 813; x_wconf 88' lang='lat' dir='ltr'><strong>quique</strong></span> <span class='ocrx_word' id='word_1_16' title='bbox 1047 729 1103 796; x_wconf 88' lang='lat' dir='ltr'><strong>hoe</strong></span> <span class='ocrx_word' id='word_1_17' title='bbox 1126 747 1214 815; x_wconf 83' lang='lat' dir='ltr'><strong>opere</strong></span> <span class='ocrx_word' id='word_1_18' title='bbox 1237 730 1278 794; x_wconf 85' lang='lat' dir='ltr'><strong>ita</strong></span> <span class='ocrx_word' id='word_1_19' title='bbox 1386 729 1387 774; x_wconf 63' lang='lat' dir='ltr'><strong>l</strong></span> 
     </span>
     <span class='ocr_line' id='line_1_4' title="bbox 315 857 1277 942; baseline 0.002 -18"><span class='ocrx_word' id='word_1_20' title='bbox 315 876 385 924; x_wconf 92' lang='lat' dir='ltr'><strong>usns</strong></span> <span class='ocrx_word' id='word_1_21' title='bbox 406 865 469 940; x_wconf 86' lang='lat' dir='ltr'><strong>est,</strong></span> <span class='ocrx_word' id='word_1_22' title='bbox 491 865 525 923; x_wconf 94' lang='lat' dir='ltr'><strong>ut</strong></span> <span class='ocrx_word' id='word_1_23' title='bbox 546 875 617 924; x_wconf 90' lang='lat' dir='ltr'><strong>eum</strong></span> <span class='ocrx_word' id='word_1_24' title='bbox 640 858 744 941; x_wconf 71' lang='lat' dir='ltr'><strong>legisse</strong></span> <span class='ocrx_word' id='word_1_25' title='bbox 765 868 795 924; x_wconf 86' lang='lat' dir='ltr'><strong>et</strong></span> <span class='ocrx_word' id='word_1_26' title='bbox 821 857 957 942; x_wconf 72' lang='lat' dir='ltr'><strong>relegisse</strong></span> <span class='ocrx_word' id='word_1_27' title='bbox 979 857 1051 925; x_wconf 85' lang='lat' dir='ltr'><strong>illnd</strong></span> <span class='ocrx_word' id='word_1_28' title='bbox 1076 859 1149 925; x_wconf 89' lang='lat' dir='ltr'><strong>mihi</strong></span> <span class='ocrx_word' id='word_1_29' title='bbox 1163 859 1277 926; x_wconf 84' lang='lat' dir='ltr'><strong>saltem</strong></span> 
     </span>
     <span class='ocr_line' id='line_1_5' title="bbox 221 969 631 1073; baseline -0.015 -18"><span class='ocrx_word' id='word_1_30' title='bbox 221 969 224 976; x_wconf 40' lang='lat'>⁵</span> <span class='ocrx_word' id='word_1_31' title='bbox 314 1005 487 1073; x_wconf 75' lang='lat' dir='ltr'><strong>penuasum</strong></span> <span class='ocrx_word' id='word_1_32' title='bbox 510 989 548 1052; x_wconf 88' lang='lat' dir='ltr'><strong>sit</strong></span> <span class='ocrx_word' id='word_1_33' title='bbox 570 984 631 1071; x_wconf 76' lang='lat'><strong>(2).</strong></span> 
     </span>
    </p>
   </div>
   <div class='ocr_carea' id='block_1_3' title="bbox 317 1374 1284 3406">
    <p class='ocr_par' dir='ltr' id='par_1_3' title="bbox 317 1374 1282 2498">
     <span class='ocr_line' id='line_1_6' title="bbox 360 1374 1282 1459; baseline 0.001 -20"><span class='ocrx_word' id='word_1_34' title='bbox 360 1375 458 1440; x_wconf 88' lang='lat' dir='ltr'><strong>Verhn</strong></span> <span class='ocrx_word' id='word_1_35' title='bbox 481 1374 667 1440; x_wconf 90' lang='lat' dir='ltr'><strong>monendum</strong></span> <span class='ocrx_word' id='word_1_36' title='bbox 690 1375 777 1441; x_wconf 88' lang='lat' dir='ltr'><strong>nohis</strong></span> <span class='ocrx_word' id='word_1_37' title='bbox 798 1383 932 1459; x_wconf 76' lang='lat' dir='ltr'><strong>superest</strong></span> <span class='ocrx_word' id='word_1_38' title='bbox 966 1374 1003 1439; x_wconf 90' lang='lat' dir='ltr'><strong>de</strong></span> <span class='ocrx_word' id='word_1_39' title='bbox 1037 1375 1102 1440; x_wconf 87' lang='lat' dir='ltr'><strong>aliis</strong></span> <span class='ocrx_word' id='word_1_40' title='bbox 1129 1375 1282 1443; x_wconf 82' lang='lat' dir='ltr'><strong>nonnullis</strong></span> 
     </span>
     <span class='ocr_line' id='line_1_7' title="bbox 317 1503 1280 1588; baseline 0.003 -19"><span class='ocrx_word' id='word_1_41' title='bbox 317 1505 521 1588; x_wconf 70' lang='lat' dir='ltr'><strong>argumentis,</strong></span> <span class='ocrx_word' id='word_1_42' title='bbox 551 1503 660 1587; x_wconf 89' lang='lat' dir='ltr'><strong>quihus</strong></span> <span class='ocrx_word' id='word_1_43' title='bbox 689 1503 867 1572; x_wconf 78' lang='lat' dir='ltr'><strong>aduersarius</strong></span> <span class='ocrx_word' id='word_1_44' title='bbox 897 1504 1055 1572; x_wconf 83' lang='lat' dir='ltr'><strong>ldaroionie</strong></span> <span class='ocrx_word' id='word_1_45' title='bbox 1080 1515 1181 1572; x_wconf 87' lang='lat' dir='ltr'><strong>eontra</strong></span> <span class='ocrx_word' id='word_1_46' title='bbox 1208 1526 1280 1572; x_wconf 90' lang='lat' dir='ltr'><strong>enm</strong></span> 
     </span>
     <span class='ocr_line' id='line_1_8' title="bbox 317 1633 1282 1721; baseline 0.001 -20"><span class='ocrx_word' id='word_1_47' title='bbox 317 1653 385 1702; x_wconf 88' lang='lat' dir='ltr'><strong>usos</strong></span> <span class='ocrx_word' id='word_1_48' title='bbox 402 1652 481 1717; x_wconf 87' lang='lat' dir='ltr'><strong>esse,</strong></span> <span class='ocrx_word' id='word_1_49' title='bbox 503 1641 555 1700; x_wconf 89' lang='lat' dir='ltr'><strong>aut</strong></span> <span class='ocrx_word' id='word_1_50' title='bbox 576 1652 653 1717; x_wconf 85' lang='lat' dir='ltr'><strong>quse</strong></span> <span class='ocrx_word' id='word_1_51' title='bbox 674 1633 780 1698; x_wconf 86' lang='lat' dir='ltr'><strong>saltem</strong></span> <span class='ocrx_word' id='word_1_52' title='bbox 802 1634 902 1718; x_wconf 87' lang='lat' dir='ltr'><strong>alique</strong></span> <span class='ocrx_word' id='word_1_53' title='bbox 926 1634 1016 1702; x_wconf 92' lang='lat' dir='ltr'><strong>modo</strong></span> <span class='ocrx_word' id='word_1_54' title='bbox 1039 1635 1077 1701; x_wconf 87' lang='lat' dir='ltr'><strong>ad</strong></span> <span class='ocrx_word' id='word_1_55' title='bbox 1095 1636 1201 1721; x_wconf 81' lang='lat' dir='ltr'><strong>eulpae</strong></span> <span class='ocrx_word' id='word_1_56' title='bbox 1216 1639 1282 1721; x_wconf 85' lang='lat' dir='ltr'><strong>ejus</strong></span> 
     </span>
     <span class='ocr_line' id='line_1_9' title="bbox 318 1763 1281 1849; baseline 0.003 -19"><span class='ocrx_word' id='word_1_57' title='bbox 318 1763 601 1831; x_wconf 78' lang='lat' dir='ltr'><strong>demonstrationem</strong></span> <span class='ocrx_word' id='word_1_58' title='bbox 619 1763 752 1830; x_wconf 77' lang='lat' dir='ltr'><strong>adhiberi</strong></span> <span class='ocrx_word' id='word_1_59' title='bbox 771 1783 872 1849; x_wconf 85' lang='lat' dir='ltr'><strong>posse,</strong></span> <span class='ocrx_word' id='word_1_60' title='bbox 883 1783 971 1849; x_wconf 83' lang='lat' dir='ltr'><strong>snpra</strong></span> <span class='ocrx_word' id='word_1_61' title='bbox 984 1763 1120 1830; x_wconf 81' lang='lat' dir='ltr'><strong>vidimus.</strong></span> <span class='ocrx_word' id='word_1_62' title='bbox 1143 1763 1281 1845; x_wconf 78' lang='lat' dir='ltr'><strong>unarum</strong></span> 
     </span>
     <span class='ocr_line' id='line_1_10' title="bbox 319 1892 1280 1981; baseline 0.002 -21"><span class='ocrx_word' id='word_1_63' title='bbox 319 1913 414 1961; x_wconf 90' lang='lat' dir='ltr'><strong>unum</strong></span> <span class='ocrx_word' id='word_1_64' title='bbox 440 1902 508 1976; x_wconf 84' lang='lat' dir='ltr'><strong>est,</strong></span> <span class='ocrx_word' id='word_1_65' title='bbox 529 1892 610 1977; x_wconf 86' lang='lat' dir='ltr'><strong>quod</strong></span> <span class='ocrx_word' id='word_1_66' title='bbox 632 1911 668 1957; x_wconf 87' lang='lat' dir='ltr'><strong>err</strong></span> <span class='ocrx_word' id='word_1_67' title='bbox 691 1894 757 1977; x_wconf 86' lang='lat' dir='ltr'><strong>ejus</strong></span> <span class='ocrx_word' id='word_1_68' title='bbox 778 1894 835 1958; x_wconf 85' lang='lat' dir='ltr'><strong>rita</strong></span> <span class='ocrx_word' id='word_1_69' title='bbox 854 1905 897 1959; x_wconf 86' lang='lat' dir='ltr'><strong>&#39;ae</strong></span> <span class='ocrx_word' id='word_1_70' title='bbox 921 1895 1054 1960; x_wconf 86' lang='lat' dir='ltr'><strong>moribus</strong></span> <span class='ocrx_word' id='word_1_71' title='bbox 1076 1897 1196 1981; x_wconf 84' lang='lat' dir='ltr'><strong>petitur.</strong></span> <span class='ocrx_word' id='word_1_72' title='bbox 1241 1893 1280 1962; x_wconf 81' lang='lat' dir='ltr'><strong>rit</strong></span> 
     </span>
     <span class='ocr_line' id='line_1_11' title="bbox 317 2024 1277 2112; baseline 0.006 -24"><span class='ocrx_word' id='word_1_73' title='bbox 317 2031 446 2110; x_wconf 84' lang='lat' dir='ltr'><strong>praestat</strong></span> <span class='ocrx_word' id='word_1_74' title='bbox 463 2025 520 2091; x_wconf 87' lang='lat' dir='ltr'><strong>hoe</strong></span> <span class='ocrx_word' id='word_1_75' title='bbox 537 2041 598 2091; x_wconf 91' lang='lat' dir='ltr'><strong>non</strong></span> <span class='ocrx_word' id='word_1_76' title='bbox 620 2025 686 2107; x_wconf 89' lang='lat' dir='ltr'><strong>uti,</strong></span> <span class='ocrx_word' id='word_1_77' title='bbox 707 2043 747 2088; x_wconf 87' lang='lat' dir='ltr'><strong>ne</strong></span> <span class='ocrx_word' id='word_1_78' title='bbox 770 2043 840 2089; x_wconf 88' lang='lat' dir='ltr'><strong>eum</strong></span> <span class='ocrx_word' id='word_1_79' title='bbox 862 2024 991 2107; x_wconf 83' lang='lat' dir='ltr'><strong>antiquis</strong></span> <span class='ocrx_word' id='word_1_80' title='bbox 1013 2025 1169 2092; x_wconf 87' lang='lat' dir='ltr'><strong>eonrioiari</strong></span> <span class='ocrx_word' id='word_1_81' title='bbox 1183 2027 1277 2112; x_wconf 84' lang='lat' dir='ltr'><strong>potios</strong></span> 
     </span>
     <span class='ocr_line' id='line_1_12' title="bbox 318 2152 1271 2239; baseline 0 -19"><span class='ocrx_word' id='word_1_82' title='bbox 318 2171 408 2239; x_wconf 85' lang='lat' dir='ltr'><strong>qnam</strong></span> <span class='ocrx_word' id='word_1_83' title='bbox 431 2153 602 2219; x_wconf 87' lang='lat' dir='ltr'><strong>eonrineere</strong></span> <span class='ocrx_word' id='word_1_84' title='bbox 626 2155 808 2220; x_wconf 85' lang='lat' dir='ltr'><strong>haeretieum</strong></span> <span class='ocrx_word' id='word_1_85' title='bbox 823 2153 918 2218; x_wconf 84' lang='lat' dir='ltr'><strong>risum</strong></span> <span class='ocrx_word' id='word_1_86' title='bbox 934 2152 1106 2238; x_wconf 78' lang='lat' dir='ltr'><strong>videamur,</strong></span> <span class='ocrx_word' id='word_1_87' title='bbox 1128 2155 1271 2222; x_wconf 87' lang='lat' dir='ltr'><strong>etsinnlls</strong></span> 
     </span>
     <span class='ocr_line' id='line_1_13' title="bbox 319 2283 1269 2368; baseline 0 -20"><span class='ocrx_word' id='word_1_88' title='bbox 319 2303 405 2350; x_wconf 81' lang='lat' dir='ltr'><strong>rause</strong></span> <span class='ocrx_word' id='word_1_89' title='bbox 440 2284 498 2360; x_wconf 90' lang='lat' dir='ltr'><strong>sit,</strong></span> <span class='ocrx_word' id='word_1_90' title='bbox 533 2301 586 2350; x_wconf 87' lang='lat' dir='ltr'><strong>nur</strong></span> <span class='ocrx_word' id='word_1_91' title='bbox 621 2283 775 2350; x_wconf 77' lang='lat' dir='ltr'><strong>inhenesta</strong></span> <span class='ocrx_word' id='word_1_92' title='bbox 805 2285 929 2366; x_wconf 89' lang='lat' dir='ltr'><strong>omnia,</strong></span> <span class='ocrx_word' id='word_1_93' title='bbox 956 2283 1094 2368; x_wconf 84' lang='lat' dir='ltr'><strong>quaeda</strong></span> <span class='ocrx_word' id='word_1_94' title='bbox 1117 2304 1154 2352; x_wconf 91' lang='lat' dir='ltr'><strong>eo</strong></span> <span class='ocrx_word' id='word_1_95' title='bbox 1172 2283 1269 2350; x_wconf 80' lang='lat' dir='ltr'><strong>indita</strong></span> 
     </span>
     <span class='ocr_line' id='line_1_14' title="bbox 319 2412 1199 2498; baseline 0.002 -20"><span class='ocrx_word' id='word_1_96' title='bbox 319 2414 506 2494; x_wconf 80' lang='lat' dir='ltr'><strong>invenimus,</strong></span> <span class='ocrx_word' id='word_1_97' title='bbox 528 2413 598 2478; x_wconf 86' lang='lat' dir='ltr'><strong>laisa</strong></span> <span class='ocrx_word' id='word_1_98' title='bbox 624 2422 714 2497; x_wconf 87' lang='lat' dir='ltr'><strong>atque</strong></span> <span class='ocrx_word' id='word_1_99' title='bbox 738 2412 941 2479; x_wconf 80' lang='lat' dir='ltr'><strong>commentitia</strong></span> <span class='ocrx_word' id='word_1_100' title='bbox 963 2413 1128 2480; x_wconf 85' lang='lat' dir='ltr'><strong>habeamus</strong></span> <span class='ocrx_word' id='word_1_101' title='bbox 1146 2415 1199 2498; x_wconf 74' lang='grc' dir='ltr'><strong>(ὅ).</strong></span> 
     </span>
    </p>

    <p class='ocr_par' dir='ltr' id='par_1_4' title="bbox 321 2541 1284 3406">
     <span class='ocr_line' id='line_1_15' title="bbox 365 2541 1281 2630; baseline 0.001 -21"><span class='ocrx_word' id='word_1_102' title='bbox 365 2542 469 2628; x_wconf 83' lang='lat' dir='ltr'><strong>lleque</strong></span> <span class='ocrx_word' id='word_1_103' title='bbox 485 2544 576 2608; x_wconf 87' lang='lat' dir='ltr'><strong>etiarn</strong></span> <span class='ocrx_word' id='word_1_104' title='bbox 596 2541 829 2630; x_wconf 75' lang='lat' dir='ltr'><strong>confugiendum</strong></span> <span class='ocrx_word' id='word_1_105' title='bbox 856 2541 970 2608; x_wconf 86' lang='lat' dir='ltr'><strong>ridetur</strong></span> <span class='ocrx_word' id='word_1_106' title='bbox 997 2542 1034 2608; x_wconf 85' lang='lat' dir='ltr'><strong>ad</strong></span> <span class='ocrx_word' id='word_1_107' title='bbox 1062 2543 1118 2626; x_wconf 89' lang='lat' dir='ltr'><strong>id,</strong></span> <span class='ocrx_word' id='word_1_108' title='bbox 1140 2541 1222 2629; x_wconf 90' lang='lat' dir='ltr'><strong>qnod</strong></span> <span class='ocrx_word' id='word_1_109' title='bbox 1244 2543 1281 2610; x_wconf 88' lang='lat' dir='ltr'><strong>do</strong></span> 
     </span>
     <span class='ocr_line' id='line_1_16' title="bbox 321 2671 1283 2760; baseline 0.002 -20"><span class='ocrx_word' id='word_1_110' title='bbox 321 2671 457 2740; x_wconf 79' lang='lat' dir='ltr'><strong>Cerdone</strong></span> <span class='ocrx_word' id='word_1_111' title='bbox 491 2672 688 2758; x_wconf 85' lang='lat' dir='ltr'><strong>philosopho,</strong></span> <span class='ocrx_word' id='word_1_112' title='bbox 721 2672 879 2738; x_wconf 83' lang='lat' dir='ltr'><strong>ldareionis</strong></span> <span class='ocrx_word' id='word_1_113' title='bbox 901 2682 1113 2760; x_wconf 80' lang='lat' dir='ltr'><strong>praeceptore,</strong></span> <span class='ocrx_word' id='word_1_114' title='bbox 1136 2675 1174 2740; x_wconf 88' lang='lat' dir='ltr'><strong>ah</strong></span> <span class='ocrx_word' id='word_1_115' title='bbox 1188 2674 1283 2742; x_wconf 77' lang='lat' dir='ltr'><strong>&#39;Ane-</strong></span> 
     </span>
     <span class='ocr_line' id='line_1_17' title="bbox 321 2799 1283 2891; baseline 0.005 -25"><span class='ocrx_word' id='word_1_116' title='bbox 321 2820 414 2886; x_wconf 80' lang='lat' dir='ltr'><strong>uymo</strong></span> <span class='ocrx_word' id='word_1_117' title='bbox 435 2799 566 2886; x_wconf 84' lang='lat' dir='ltr'><strong>quodam</strong></span> <span class='ocrx_word' id='word_1_118' title='bbox 591 2801 783 2886; x_wconf 88' lang='lat' dir='ltr'><strong>perhibetur,</strong></span> <span class='ocrx_word' id='word_1_119' title='bbox 816 2820 886 2866; x_wconf 83' lang='lat' dir='ltr'><strong>eum</strong></span> <span class='ocrx_word' id='word_1_120' title='bbox 920 2802 1031 2868; x_wconf 85' lang='lat' dir='ltr'><strong>seilieat</strong></span> <span class='ocrx_word' id='word_1_121' title='bbox 1064 2802 1209 2891; x_wconf 71' lang='lat' dir='ltr'><strong>discipulo</strong></span> <span class='ocrx_word' id='word_1_122' title='bbox 1232 2825 1283 2872; x_wconf 91' lang='lat' dir='ltr'><strong>suo</strong></span> 
     </span>
     <span class='ocr_line' id='line_1_18' title="bbox 322 2930 1283 3020; baseline 0.004 -23"><span class='ocrx_word' id='word_1_123' title='bbox 322 2931 508 3016; x_wconf 75' lang='lat' dir='ltr'><strong>quasillum</strong></span> <span class='ocrx_word' id='word_1_124' title='bbox 542 2940 737 3007; x_wconf 81' lang='lat' dir='ltr'><strong>monstrasse,</strong></span> <span class='ocrx_word' id='word_1_125' title='bbox 772 2930 933 3014; x_wconf 75' lang='lat' dir='ltr'><strong>Euangelio</strong></span> <span class='ocrx_word' id='word_1_126' title='bbox 959 2933 1079 2999; x_wconf 81' lang='lat' dir='ltr'><strong>hurane</strong></span> <span class='ocrx_word' id='word_1_127' title='bbox 1114 2935 1283 3020; x_wconf 74' lang='lat' dir='ltr'><strong>recipiendo</strong></span> 
     </span>
     <span class='ocr_line' id='line_1_19' title="bbox 323 3060 1284 3149; baseline 0.004 -23"><span class='ocrx_word' id='word_1_128' title='bbox 323 3060 463 3147; x_wconf 89' lang='lat' dir='ltr'><strong>quidem,</strong></span> <span class='ocrx_word' id='word_1_129' title='bbox 485 3079 547 3124; x_wconf 81' lang='lat' dir='ltr'><strong>ooo</strong></span> <span class='ocrx_word' id='word_1_130' title='bbox 565 3078 638 3126; x_wconf 82' lang='lat' dir='ltr'><strong>aero</strong></span> <span class='ocrx_word' id='word_1_131' title='bbox 658 3060 788 3144; x_wconf 71' lang='lat' dir='ltr'><strong>ioteqro.</strong></span> <span class='ocrx_word' id='word_1_132' title='bbox 817 3063 858 3128; x_wconf 86' lang='lat' dir='ltr'><strong>[lt</strong></span> <span class='ocrx_word' id='word_1_133' title='bbox 871 3063 1030 3148; x_wconf 83' lang='lat' dir='ltr'><strong>enimjam</strong></span> <span class='ocrx_word' id='word_1_134' title='bbox 1045 3083 1133 3149; x_wconf 87' lang='lat' dir='ltr'><strong>supra</strong></span> <span class='ocrx_word' id='word_1_135' title='bbox 1149 3065 1284 3130; x_wconf 88' lang='lat' dir='ltr'><strong>animad-</strong></span> 
     </span>
     <span class='ocr_line' id='line_1_20' title="bbox 322 3189 1284 3279; baseline 0.004 -23"><span class='ocrx_word' id='word_1_136' title='bbox 322 3209 439 3256; x_wconf 79' lang='lat' dir='ltr'><strong>versum</strong></span> <span class='ocrx_word' id='word_1_137' title='bbox 461 3197 527 3272; x_wconf 85' lang='lat' dir='ltr'><strong>eet,</strong></span> <span class='ocrx_word' id='word_1_138' title='bbox 550 3190 636 3255; x_wconf 83' lang='lat' dir='ltr'><strong>rerba</strong></span> <span class='ocrx_word' id='word_1_139' title='bbox 663 3191 747 3256; x_wconf 89' lang='lat' dir='ltr'><strong>istius</strong></span> <span class='ocrx_word' id='word_1_140' title='bbox 769 3189 936 3274; x_wconf 76' lang='lat' dir='ltr'><strong>Anonymi,</strong></span> <span class='ocrx_word' id='word_1_141' title='bbox 959 3211 981 3257; x_wconf 91' lang='lat' dir='ltr'><strong>s.</strong></span> <span class='ocrx_word' id='word_1_142' title='bbox 1005 3190 1206 3277; x_wconf 78' lang='lat' dir='ltr'><strong>Pseudonyml</strong></span> <span class='ocrx_word' id='word_1_143' title='bbox 1231 3215 1284 3279; x_wconf 85' lang='lat' dir='ltr'><strong>po·</strong></span> 
     </span>
     <span class='ocr_line' id='line_1_21' title="bbox 322 3313 1283 3406; baseline 0.004 -21"><span class='ocrx_word' id='word_1_144' title='bbox 322 3322 396 3403; x_wconf 87' lang='lat' dir='ltr'><strong>tius,</strong></span> <span class='ocrx_word' id='word_1_145' title='bbox 423 3339 510 3405; x_wconf 83' lang='lat' dir='ltr'><strong>parra</strong></span> <span class='ocrx_word' id='word_1_146' title='bbox 534 3326 584 3385; x_wconf 84' lang='lat' dir='ltr'><strong>eut</strong></span> <span class='ocrx_word' id='word_1_147' title='bbox 606 3319 687 3385; x_wconf 84' lang='lat' dir='ltr'><strong>nulla</strong></span> <span class='ocrx_word' id='word_1_148' title='bbox 712 3319 771 3384; x_wconf 87' lang='lat' dir='ltr'><strong>lide</strong></span> <span class='ocrx_word' id='word_1_149' title='bbox 794 3313 1053 3402; x_wconf 75' lang='lat' dir='ltr'><strong>digna&#39;snnt,-</strong></span> <span class='ocrx_word' id='word_1_150' title='bbox 1069 3341 1128 3406; x_wconf 89' lang='lat' dir='ltr'><strong>quo</strong></span> <span class='ocrx_word' id='word_1_151' title='bbox 1151 3323 1283 3405; x_wconf 75' lang='lat' dir='ltr'><strong>aceedit,</strong></span> 
     </span>
    </p>
   </div>
   <div class='ocr_carea' id='block_1_4' title="bbox 333 3483 524 3504">
    <p class='ocr_par' dir='ltr' id='par_1_5' title="bbox 333 3483 524 3504">
     <span class='ocr_line' id='line_1_22' title="bbox 333 3483 524 3504; baseline 0.005 -3"><span class='ocrx_word' id='word_1_152' title='bbox 333 3483 524 3504; x_wconf 51' lang='lat' dir='ltr'><strong>m</strong></span> 
     </span>
    </p>
   </div>
   <div class='ocr_carea' id='block_1_5' title="bbox 319 3585 1283 4341">
    <p class='ocr_par' dir='ltr' id='par_1_6' title="bbox 323 3585 1282 3739">
     <span class='ocr_line' id='line_1_23' title="bbox 356 3585 1282 3656; baseline 0.002 -18"><span class='ocrx_word' id='word_1_153' title='bbox 356 3587 392 3656; x_wconf 77' lang='lat'><strong>(1)</strong></span> <span class='ocrx_word' id='word_1_154' title='bbox 407 3585 643 3638; x_wconf 79' lang='lat' dir='ltr'><strong>Tertullianum</strong></span> <span class='ocrx_word' id='word_1_155' title='bbox 666 3586 793 3636; x_wconf 83' lang='lat' dir='ltr'><strong>ldareionis</strong></span> <span class='ocrx_word' id='word_1_156' title='bbox 813 3587 975 3650; x_wconf 61' lang='lat' dir='ltr'><strong>nauarchum</strong></span> <span class='ocrx_word' id='word_1_157' title='bbox 998 3587 1032 3638; x_wconf 89' lang='lat' dir='ltr'><strong>oh</strong></span> <span class='ocrx_word' id='word_1_158' title='bbox 1052 3587 1139 3637; x_wconf 79' lang='lat' dir='ltr'><strong>oeulos</strong></span> <span class='ocrx_word' id='word_1_159' title='bbox 1154 3588 1282 3652; x_wconf 72' lang='lat' dir='ltr'><strong>hahuisse,</strong></span> 
     </span>
     <span class='ocr_line' id='line_1_24' title="bbox 323 3671 1098 3739; baseline -0.003 -15"><span class='ocrx_word' id='word_1_160' title='bbox 323 3673 518 3738; x_wconf 69' lang='lat' dir='ltr'><strong>argumentando</strong></span> <span class='ocrx_word' id='word_1_161' title='bbox 533 3673 586 3738; x_wconf 82' lang='lat' dir='ltr'><strong>ipae</strong></span> <span class='ocrx_word' id='word_1_162' title='bbox 601 3672 804 3723; x_wconf 79' lang='lat' dir='ltr'><strong>llitsehelius</strong></span> <span class='ocrx_word' id='word_1_163' title='bbox 819 3671 931 3739; x_wconf 84' lang='lat' dir='ltr'><strong>prohsrit</strong></span> <span class='ocrx_word' id='word_1_164' title='bbox 947 3672 964 3722; x_wconf 93' lang='lat' dir='ltr'><strong>l.</strong></span> <span class='ocrx_word' id='word_1_165' title='bbox 981 3671 998 3723; x_wconf 94' lang='lat' dir='ltr'><strong>l.</strong></span> <span class='ocrx_word' id='word_1_166' title='bbox 1015 3688 1040 3738; x_wconf 89' lang='lat' dir='ltr'><strong>p.</strong></span> <span class='ocrx_word' id='word_1_167' title='bbox 1056 3671 1098 3724; x_wconf 80' lang='lat'><strong>88.</strong></span> 
     </span>
    </p>

    <p class='ocr_par' dir='ltr' id='par_1_7' title="bbox 319 3755 1283 4250">
     <span class='ocr_line' id='line_1_25' title="bbox 355 3755 1283 3826; baseline -0.004 -17"><span class='ocrx_word' id='word_1_168' title='bbox 355 3758 391 3826; x_wconf 81' lang='lat'><strong>(2)</strong></span> <span class='ocrx_word' id='word_1_169' title='bbox 408 3758 534 3825; x_wconf 82' lang='lat' dir='ltr'><strong>Quidquid</strong></span> <span class='ocrx_word' id='word_1_170' title='bbox 551 3759 618 3808; x_wconf 87' lang='lat' dir='ltr'><strong>diest</strong></span> <span class='ocrx_word' id='word_1_171' title='bbox 633 3757 778 3807; x_wconf 81' lang='lat' dir='ltr'><strong>lihodino</strong></span> <span class='ocrx_word' id='word_1_172' title='bbox 792 3755 811 3805; x_wconf 91' lang='lat' dir='ltr'><strong>l.</strong></span> <span class='ocrx_word' id='word_1_173' title='bbox 827 3755 844 3806; x_wconf 91' lang='lat' dir='ltr'><strong>l.</strong></span> <span class='ocrx_word' id='word_1_174' title='bbox 861 3773 886 3822; x_wconf 84' lang='lat' dir='ltr'><strong>p.</strong></span> <span class='ocrx_word' id='word_1_175' title='bbox 902 3756 936 3808; x_wconf 73' lang='lat'><strong>32</strong></span> <span class='ocrx_word' id='word_1_176' title='bbox 952 3771 990 3822; x_wconf 81' lang='lat' dir='ltr'><strong>aq.</strong></span> <span class='ocrx_word' id='word_1_177' title='bbox 1014 3779 1049 3796; x_wconf 89' lang='lat'><strong>·-</strong></span> <span class='ocrx_word' id='word_1_178' title='bbox 1069 3757 1105 3807; x_wconf 81' lang='lat' dir='ltr'><strong>Cf.</strong></span> <span class='ocrx_word' id='word_1_179' title='bbox 1123 3761 1204 3806; x_wconf 85' lang='lat' dir='ltr'><strong>tamen</strong></span> <span class='ocrx_word' id='word_1_180' title='bbox 1219 3771 1283 3822; x_wconf 83' lang='lat' dir='ltr'><strong>quaa</strong></span> 
     </span>
     <span class='ocr_line' id='line_1_26' title="bbox 322 3840 1282 3910; baseline -0.002 -16"><span class='ocrx_word' id='word_1_181' title='bbox 322 3846 389 3897; x_wconf 88' lang='lat' dir='ltr'><strong>idem</strong></span> <span class='ocrx_word' id='word_1_182' title='bbox 412 3845 455 3895; x_wconf 85' lang='lat' dir='ltr'><strong>ille</strong></span> <span class='ocrx_word' id='word_1_183' title='bbox 479 3844 510 3894; x_wconf 84' lang='lat' dir='ltr'><strong>V.</strong></span> <span class='ocrx_word' id='word_1_184' title='bbox 534 3842 562 3894; x_wconf 89' lang='lat' dir='ltr'><strong>n.</strong></span> <span class='ocrx_word' id='word_1_185' title='bbox 587 3858 643 3894; x_wconf 81' lang='lat' dir='ltr'><strong>mox</strong></span> <span class='ocrx_word' id='word_1_186' title='bbox 664 3841 699 3910; x_wconf 82' lang='lat' dir='ltr'><strong>(p.</strong></span> <span class='ocrx_word' id='word_1_187' title='bbox 716 3840 759 3909; x_wconf 78' lang='lat'><strong>34)</strong></span> <span class='ocrx_word' id='word_1_188' title='bbox 779 3841 883 3906; x_wconf 74' lang='lat' dir='ltr'><strong>adjecit:</strong></span> <span class='ocrx_word' id='word_1_189' title='bbox 908 3843 1170 3894; x_wconf 74' lang='lat' dir='ltr'><strong>»Tertullianum</strong></span> <span class='ocrx_word' id='word_1_190' title='bbox 1186 3843 1282 3908; x_wconf 78' lang='lat' dir='ltr'><strong>seriptis</strong></span> 
     </span>
     <span class='ocr_line' id='line_1_27' title="bbox 324 3928 1282 3993; baseline -0.003 -13"><span class='ocrx_word' id='word_1_191' title='bbox 324 3946 337 3980; x_wconf 82' lang='lat' dir='ltr'><strong>s</strong></span> <span class='ocrx_word' id='word_1_192' title='bbox 355 3929 483 3980; x_wconf 68' lang='lat' dir='ltr'><strong>hareionis</strong></span> <span class='ocrx_word' id='word_1_193' title='bbox 505 3943 592 3988; x_wconf 80' lang='lat' dir='ltr'><strong>nsum,</strong></span> <span class='ocrx_word' id='word_1_194' title='bbox 609 3928 702 3992; x_wconf 84' lang='lat' dir='ltr'><strong>rnsjore</strong></span> <span class='ocrx_word' id='word_1_195' title='bbox 719 3943 777 3978; x_wconf 85' lang='lat' dir='ltr'><strong>earn</strong></span> <span class='ocrx_word' id='word_1_196' title='bbox 793 3928 1005 3979; x_wconf 80' lang='lat' dir='ltr'><strong>verisimilitudine</strong></span> <span class='ocrx_word' id='word_1_197' title='bbox 1020 3928 1191 3988; x_wconf 71' lang='lat' dir='ltr'><strong>esuriendum,</strong></span> <span class='ocrx_word' id='word_1_198' title='bbox 1208 3943 1282 3993; x_wconf 86' lang='lat' dir='ltr'><strong>quana</strong></span> 
     </span>
     <span class='ocr_line' id='line_1_28' title="bbox 323 4013 1282 4078; baseline -0.002 -14"><span class='ocrx_word' id='word_1_199' title='bbox 323 4031 379 4070; x_wconf 74' lang='lat' dir='ltr'><strong>su.</strong></span> <span class='ocrx_word' id='word_1_200' title='bbox 396 4030 419 4065; x_wconf 88' lang='lat' dir='ltr'><strong>e.</strong></span> <span class='ocrx_word' id='word_1_201' title='bbox 441 4013 671 4078; x_wconf 56' lang='lat' dir='ltr'><strong>Epiphaniam</strong></span> <span class='ocrx_word' id='word_1_202' title='bbox 695 4013 767 4077; x_wconf 88' lang='lat' dir='ltr'><strong>reliq.</strong></span> <span class='ocrx_word' id='word_1_203' title='bbox 797 4040 827 4055; x_wconf 80' lang='lat'>-</span> <span class='ocrx_word' id='word_1_204' title='bbox 849 4013 978 4064; x_wconf 69' lang='lat' dir='ltr'><strong>macione</strong></span> <span class='ocrx_word' id='word_1_205' title='bbox 998 4013 1141 4063; x_wconf 73' lang='lat' dir='ltr'><strong>Antitheses</strong></span> <span class='ocrx_word' id='word_1_206' title='bbox 1162 4013 1282 4064; x_wconf 83' lang='lat' dir='ltr'><strong>Tertul-</strong></span> 
     </span>
     <span class='ocr_line' id='line_1_29' title="bbox 319 4098 1279 4166; baseline -0.005 -13"><span class='ocrx_word' id='word_1_207' title='bbox 319 4103 386 4158; x_wconf 84' lang='lat' dir='ltr'><strong>liano</strong></span> <span class='ocrx_word' id='word_1_208' title='bbox 402 4101 427 4151; x_wconf 89' lang='lat' dir='ltr'><strong>in</strong></span> <span class='ocrx_word' id='word_1_209' title='bbox 444 4099 556 4148; x_wconf 84' lang='lat' dir='ltr'><strong>manibus</strong></span> <span class='ocrx_word' id='word_1_210' title='bbox 569 4098 658 4162; x_wconf 73' lang='lat' dir='ltr'><strong>initas,</strong></span> <span class='ocrx_word' id='word_1_211' title='bbox 675 4099 749 4150; x_wconf 83' lang='lat' dir='ltr'><strong>etiam</strong></span> <span class='ocrx_word' id='word_1_212' title='bbox 761 4098 866 4151; x_wconf 86' lang='lat' dir='ltr'><strong>eliorum</strong></span> <span class='ocrx_word' id='word_1_213' title='bbox 880 4103 907 4152; x_wconf 89' lang='lat' dir='ltr'><strong>st</strong></span> <span class='ocrx_word' id='word_1_214' title='bbox 919 4099 984 4152; x_wconf 82' lang='lat' dir='ltr'><strong>inter</strong></span> <span class='ocrx_word' id='word_1_215' title='bbox 996 4098 1042 4151; x_wconf 83' lang='lat' dir='ltr'><strong>ires</strong></span> <span class='ocrx_word' id='word_1_216' title='bbox 1054 4115 1157 4166; x_wconf 83' lang='lat' dir='ltr'><strong>quoque</strong></span> <span class='ocrx_word' id='word_1_217' title='bbox 1171 4099 1279 4150; x_wconf 85' lang='lat' dir='ltr'><strong>lishuii</strong></span> 
     </span>
     <span class='ocr_line' id='line_1_30' title="bbox 319 4184 741 4250; baseline -0.005 -11"><span class='ocrx_word' id='word_1_218' title='bbox 319 4195 357 4240; x_wconf 84' lang='lat' dir='ltr'><strong>esi</strong></span> <span class='ocrx_word' id='word_1_219' title='bbox 373 4185 494 4237; x_wconf 82' lang='lat' dir='ltr'><strong>sententia</strong></span> <span class='ocrx_word' id='word_1_220' title='bbox 511 4185 528 4235; x_wconf 91' lang='lat' dir='ltr'><strong>l.</strong></span> <span class='ocrx_word' id='word_1_221' title='bbox 544 4184 562 4236; x_wconf 92' lang='lat' dir='ltr'><strong>l.</strong></span> <span class='ocrx_word' id='word_1_222' title='bbox 579 4200 604 4250; x_wconf 85' lang='lat' dir='ltr'><strong>p.</strong></span> <span class='ocrx_word' id='word_1_223' title='bbox 620 4184 741 4238; x_wconf 74' lang='lat' dir='ltr'><strong>stt-113.</strong></span> 
     </span>
    </p>

    <p class='ocr_par' dir='ltr' id='par_1_8' title="bbox 350 4268 705 4341">
     <span class='ocr_line' id='line_1_31' title="bbox 350 4268 705 4341; baseline -0.006 -17"><span class='ocrx_word' id='word_1_224' title='bbox 350 4269 386 4341; x_wconf 81' lang='lat'><strong>(3)</strong></span> <span class='ocrx_word' id='word_1_225' title='bbox 402 4273 458 4324; x_wconf 82' lang='lat' dir='ltr'><strong>vid.</strong></span> <span class='ocrx_word' id='word_1_226' title='bbox 476 4286 542 4336; x_wconf 79' lang='lat' dir='ltr'><strong>supr.</strong></span> <span class='ocrx_word' id='word_1_227' title='bbox 560 4287 585 4336; x_wconf 82' lang='lat' dir='ltr'><strong>p.</strong></span> <span class='ocrx_word' id='word_1_228' title='bbox 602 4268 633 4320; x_wconf 80' lang='lat'><strong>51</strong></span> <span class='ocrx_word' id='word_1_229' title='bbox 650 4283 705 4335; x_wconf 82' lang='lat' dir='ltr'><strong>sqq.</strong></span> 
     </span>
    </p>
   </div>
   <div class='ocr_carea' id='block_1_6' title="bbox 0 0 1420 4992">
    <p class='ocr_par' dir='ltr' id='par_1_9' title="bbox 0 0 1420 4992">
     <span class='ocr_line' id='line_1_32' title="bbox 0 0 1420 4992; baseline 0 0"><span class='ocrx_word' id='word_1_230' title='bbox 0 0 1420 4992; x_wconf 95' lang='lat' dir='ltr'><strong> </strong></span> 
     </span>
    </p>
   </div>
  </div>
 </body>
</html>
