2864 4996
541 377 703 437 ...to-

141 607 155 636 ι
173 587 216 644 oet
237 579 401 645 seeundum
422 597 497 659 noe,
522 586 558 642 ot
580 585 611 642 et
630 580 696 660 ipre
718 576 770 640 illi
793 577 935 640 Marcion
959 576 1104 658 nunnon-

140 737 154 766 ·
173 712 213 774 do
235 707 419 774 crodiderit’
449 705 508 788 ll).

185 839 246 906 Neo
268 799 437 904 tantumne
459 834 610 920 Euangelii
634 835 716 920 quod
736 833 900 900 monadum
924 835 1035 908 Lunam
1058 844 1103 902 en

141 970 347 1036 auctoritatem
379 966 450 1033 olim
480 967 654 1050 agnouisse,
684 964 738 1030 ned
766 965 858 1030 etiam
880 983 912 1030 eo
933 962 1008 1030 illud
1031 983 1105 1049 pur-

142 1117 224 1180 gasse
247 1106 278 1162 et
300 1096 471 1162 emendasse
488 1093 635 1180 profanans
654 1103 707 1160 est.
736 1090 855 1159 Seilieet
870 1094 902 1156 in
921 1111 1011 1178 opero
1030 1112 1104 1170 sno,
1142 1149 1146 1158 .

143 1226 248 1310 qnod:
270 1225 452 1292 Antitheses
485 1225 661 1310 inseriptnm
694 1222 771 1301 luit,
795 1223 992 1304 lluangelium
1016 1224 1107 1290 hoeoe

144 1357 270 1440 orontii,
294 1353 571 1438 otliotarpolotont
593 1352 862 1438 oprotootorilnta
884 1352 1049 1418 tonnano
1066 1353 1108 1416 od

143 1485 447 1570 ooooorporoliooem
479 1483 556 1567 lania
578 1489 611 1547 at
635 1482 883 1567 mandatorum,
917 1501 982 1564 qno
1010 1484 1108 1548 etium

145 1615 306 1682 dorotea
330 1616 404 1680 inda
426 1612 614 1698 molitorem
636 1613 688 1697 (2).
722 1611 762 1678 nt
787 1612 853 1696 quia
876 1630 934 1678 non
958 1612 1038 1695 viro,
1053 1630 1108 1676 on-

139 1749 190 1829 jue
216 1746 288 1810 liaeo
313 1743 515 1824 suntrana,
536 1742 642 1808 lubens
664 1742 826 1807 consentiat
859 1740 989 1806 direnti:
1023 1742 1108 1806 »nti-

145 1894 238 1956 rque
274 1893 333 1938 non
368 1873 512 1954 potuisset
545 1888 690 1951 arguere,
723 1871 788 1934 oiri
815 1871 897 1952 qood
924 1871 1117 1936 enumerato·

149 2027 164 2057 ιι
184 2001 279 2068 Nemo
302 1999 489 2086 postfutura
515 1997 727 2084 reprehendit,
750 2017 827 2081 quae
856 2000 971 2082 ignorat
992 1998 1114 2082 iutura3

149 2156 164 2187 a
184 2129 354 2196 emendatio
373 2129 494 2214 eulpam
515 2147 576 2196 non
598 2127 762 2193 antecedit'
784 2128 814 2211 (l.
829 2128 891 2212 l.)?
913 2129 1011 2194 lmmo
1026 2147 1113 2211 roro,

148 2261 316 2342 situtae,
347 2277 404 2344 qua
429 2259 467 2322 ad
493 2277 547 2324 nos
573 2257 721 2342 perlatum
744 2264 788 2322 est
814 2257 932 2341 torma,
954 2257 1114 2342 Euangelio

152 2408 211 2455 non
235 2390 331 2456 eolnm
356 2386 515 2471 aliquando
539 2386 632 2452 fidem
654 2388 791 2452 habuerit
814 2387 964 2470 ilerden,
986 2388 1039 2452 aed
1054 2388 1114 2455 sor·

152 2519 339 2584 mamillam
367 2492 467 2606 postea
498 2536 618 2601 qnoque
644 2519 738 2600 magis
770 2518 903 2584 minnere
937 2518 1115 2586 mutandam

149 2668 212 2715 esee
235 2650 400 2733 putauerit,
414 2688 456 2700 -
470 2646 643 2712 emendator
662 2649 761 2732 potina
776 2667 813 2712 an
834 2646 1012 2715 adulterator
1027 2651 1115 2716 aesti-

150 2778 278 2844 mandus
295 2780 355 2856 eit,
378 2777 430 2842 nil·
444 2776 532 2842 refert
553 2817 595 2828 -
617 2779 673 2874 hoo
695 2777 826 2862 proleolo
854 2787 990 2862 eamean,
1014 2779 1113 2851 Euan·

152 2908 262 2990 gelinrn
296 2906 390 2989 istud,
426 2907 464 2971 de
498 2925 558 2989 qno
587 2907 706 2990 agitur,
737 2907 919 2994 jampridem
949 2909 1115 2992 emtitieee3

154 3043 267 3100 oonstat
287 3033 391 3099 itidem
408 3035 565 3100 Marcionis
586 3035 798 3118 Euangelium,
810 3073 852 3086 -
866 3037 992 3102 tueritne
1017 3038 1115 3104 Lnoae

153 3163 322 3230 emendatio
340 3183 377 3227 an
398 3163 567 3242 mutilatio,
591 3183 656 3250 non·
670 3183 762 3248 euro,
779 3205 820 3216 -
841 3184 859 3228 o
881 3129 955 3231 libro
977 3165 1113 3246 fluxisse,

152 3297 220 3378 oni,
243 3299 352 3378 utpote
375 3292 647 3376 aproteotoribna
661 3293 825 3360 tuotone·
845 3296 1055 3379 interpolato,
1079 3299 1116 3362 sr-

154 3425 226 3489 dem
249 3445 312 3491 esse
334 3422 540 3507 denegandam
564 3425 666 3514 statuit
686 3426 698 3508 (
721 3425 740 3506 ).

187 3643 223 3710 (1)
239 3645 275 3695 (ll.
293 3645 324 3694 de
340 3645 389 3694 hoe
407 3648 459 3694 tolo
476 3648 640 3709 argumento:
667 3645 868 3696 Olahaueen.
885 3647 903 3698 l.
920 3648 938 3698 l.
957 3665 981 3714 p.
998 3648 1048 3699 360
1064 3667 1118 3716 sqq.

154 3729 948 3797 nanu,t.1.p.aoosqq.-eaw0tte,r.1.p.11tt.
978 3773 983 3780 .

188 3817 223 3884 (2)
240 3819 303 3868 Sunt
319 3818 393 3867 rerba
410 3817 634 3867 Tertulliani
649 3815 704 3867 adr.
721 3816 794 3866 Here.
812 3817 855 3867 lv.
872 3816 895 3872 l.

187 3902 222 3970 (3)
240 3903 274 3953 Cf.
301 3903 506 3954 Olaha'n'een.
531 3905 550 3954 l.
571 3905 589 3954 l.
609 3901 711 3968 p.‘385.
736 3933 771 3949 -
802 3901 907 3952 Faciunt
931 3903 982 3955 huo
1003 3924 1121 3976 quoque,

154 4006 219 4055 qnae
234 3989 301 4054 apud
317 3989 460 4040 Tertull.
480 3989 542 4054 legia
557 3989 632 4042 rerba
646 3989 665 4040 l.
682 3989 700 4038 l.
717 3987 760 4038 IV.
777 3985 808 4038 d:
827 4005 840 4039 a
858 3989 947 4054 ltaque
962 3992 1022 4044 dum
1040 4009 1124 4046 omen·

156 4094 169 4125 a
190 4076 232 4126 dal
247 4065 383 4140 utrumqne
398 4075 546 4140 confirmat,
559 4082 586 4126 et
598 4079 710 4125 noetrnm
723 4074 824 4125 alteriue
840 4073 995 4143 (unedoni),
1007 4077 1033 4129 id
1040 4096 1122 4130 emen.

164 4180 176 4210 a
194 4163 271 4224 dene,
285 4161 354 4226 qnod
368 4161 480 4223 invenit,
497 4165 523 4214 el
535 4162 561 4211 id
576 4161 714 4228 potiorine,
732 4160 799 4226 quod
816 4160 846 4211 de
861 4164 938 4214 noelri
955 4166 1125 4216 emendatione

164 4264 177 4298 a
196 4248 349 4299 eonttiineur
366 4263 439 4300 auum
455 4253 481 4300 et
497 4263 591 4299 norum
604 4248 690 4298 leoit.¹‘

967 4359 987 4420 4
1093 4310 1095 4316 ,
