<?xml version="1.0" encoding="UTF-8"?>
<!DOCTYPE html PUBLIC "-//W3C//DTD XHTML 1.0 Transitional//EN"
    "http://www.w3.org/TR/xhtml1/DTD/xhtml1-transitional.dtd">
<html xmlns="http://www.w3.org/1999/xhtml" xml:lang="en" lang="en">
 <head>
  <title>
</title>
<meta http-equiv="Content-Type" content="text/html;charset=utf-8" />
  <meta name='ocr-system' content='tesseract 3.04.00' />
  <meta name='ocr-capabilities' content='ocr_page ocr_carea ocr_par ocr_line ocrx_word'/>
</head>
<body>
  <div class='ocr_page' id='page_1' title='image "./quaestionemdema00hartgoog_0136.png"; bbox 0 0 2812 4992; ppageno 0'>
   <div class='ocr_carea' id='block_1_1' title="bbox 528 407 708 466">
    <p class='ocr_par' dir='ltr' id='par_1_1' title="bbox 528 407 708 466">
     <span class='ocr_line' id='line_1_1' title="bbox 528 407 708 466; baseline 0 0"><span class='ocrx_word' id='word_1_1' title='bbox 528 407 708 466; x_wconf 86' lang='lat'>-121-</span> 
     </span>
    </p>
   </div>
   <div class='ocr_carea' id='block_1_2' title="bbox 124 605 1094 957">
    <p class='ocr_par' dir='ltr' id='par_1_2' title="bbox 124 605 1094 957">
     <span class='ocr_line' id='line_1_2' title="bbox 127 605 1094 698; baseline -0.01 -20"><span class='ocrx_word' id='word_1_2' title='bbox 127 613 292 698; x_wconf 79' lang='lat' dir='ltr'>predando</span> <span class='ocrx_word' id='word_1_3' title='bbox 313 608 392 695; x_wconf 81' lang='lat' dir='ltr'>(dat.</span> <span class='ocrx_word' id='word_1_4' title='bbox 412 610 435 674; x_wconf 90' lang='lat'>1.</span> <span class='ocrx_word' id='word_1_5' title='bbox 458 610 489 695; x_wconf 88' lang='lat' dir='ltr'>i)</span> <span class='ocrx_word' id='word_1_6' title='bbox 511 610 611 694; x_wconf 84' lang='lat' dir='ltr'>palam</span> <span class='ocrx_word' id='word_1_7' title='bbox 631 627 663 672; x_wconf 86' lang='lat' dir='ltr'>so</span> <span class='ocrx_word' id='word_1_8' title='bbox 681 607 832 690; x_wconf 71' lang='lat' dir='ltr'>Euangaiii</span> <span class='ocrx_word' id='word_1_9' title='bbox 848 607 944 672; x_wconf 73' lang='lat' dir='ltr'>tusae</span> <span class='ocrx_word' id='word_1_10' title='bbox 962 605 1094 672; x_wconf 84' lang='lat' dir='ltr'>oauoniai</span> 
     </span>
     <span class='ocr_line' id='line_1_3' title="bbox 124 737 1094 824; baseline -0.008 -16"><span class='ocrx_word' id='word_1_11' title='bbox 124 751 287 808; x_wconf 76' lang='lat' dir='ltr'>auctorem</span> <span class='ocrx_word' id='word_1_12' title='bbox 306 741 475 824; x_wconf 81' lang='lat' dir='ltr'>profitetur,</span> <span class='ocrx_word' id='word_1_13' title='bbox 499 738 579 804; x_wconf 91' lang='lat' dir='ltr'>undo</span> <span class='ocrx_word' id='word_1_14' title='bbox 601 738 714 804; x_wconf 81' lang='lat' dir='ltr'>tautum</span> <span class='ocrx_word' id='word_1_15' title='bbox 733 746 793 816; x_wconf 87' lang='lat' dir='ltr'>ost,</span> <span class='ocrx_word' id='word_1_16' title='bbox 816 746 864 820; x_wconf 91' lang='lat' dir='ltr'>ut,</span> <span class='ocrx_word' id='word_1_17' title='bbox 885 756 944 803; x_wconf 92' lang='lat' dir='ltr'>uno</span> <span class='ocrx_word' id='word_1_18' title='bbox 960 737 1033 802; x_wconf 86' lang='lat' dir='ltr'>iibro</span> <span class='ocrx_word' id='word_1_19' title='bbox 1051 755 1094 800; x_wconf 86' lang='lat' dir='ltr'>ro·</span> 
     </span>
     <span class='ocr_line' id='line_1_4' title="bbox 125 867 1094 957; baseline -0.007 -20"><span class='ocrx_word' id='word_1_20' title='bbox 125 870 281 957; x_wconf 79' lang='lat' dir='ltr'>pudiare,</span> <span class='ocrx_word' id='word_1_21' title='bbox 303 870 395 934; x_wconf 85' lang='lat' dir='ltr'>etiam</span> <span class='ocrx_word' id='word_1_22' title='bbox 416 868 537 934; x_wconf 83' lang='lat' dir='ltr'>alteriue</span> <span class='ocrx_word' id='word_1_23' title='bbox 555 869 761 936; x_wconf 86' lang='lat' dir='ltr'>auotoritatem</span> <span class='ocrx_word' id='word_1_24' title='bbox 783 867 914 934; x_wconf 79' lang='lat' dir='ltr'>Marcion</span> <span class='ocrx_word' id='word_1_25' title='bbox 939 885 1094 949; x_wconf 72' lang='lat' dir='ltr'><strong>agnoscere</strong></span> 
     </span>
    </p>
   </div>
   <div class='ocr_carea' id='block_1_3' title="bbox 126 1001 1095 1237">
    <p class='ocr_par' dir='ltr' id='par_1_3' title="bbox 126 1001 1095 1237">
     <span class='ocr_line' id='line_1_5' title="bbox 126 1001 507 1086; baseline -0.005 -20"><span class='ocrx_word' id='word_1_26' title='bbox 126 1001 265 1086; x_wconf 83' lang='lat' dir='ltr'>amptius</span> <span class='ocrx_word' id='word_1_27' title='bbox 284 1018 345 1065; x_wconf 92' lang='lat' dir='ltr'>non</span> <span class='ocrx_word' id='word_1_28' title='bbox 369 1001 507 1086; x_wconf 81' lang='lat' dir='ltr'>potuerit.</span> 
     </span>
     <span class='ocr_line' id='line_1_6' title="bbox 177 1127 1095 1237; baseline -0.003 -43"><span class='ocrx_word' id='word_1_29' title='bbox 177 1129 278 1196; x_wconf 81' lang='lat' dir='ltr'>voto</span> <span class='ocrx_word' id='word_1_30' title='bbox 300 1136 418 1196; x_wconf 87' lang='lat' dir='ltr'>tautum</span> <span class='ocrx_word' id='word_1_31' title='bbox 445 1128 630 1237; x_wconf 84' lang='lat' dir='ltr'>monendum</span> <span class='ocrx_word' id='word_1_32' title='bbox 653 1138 698 1194; x_wconf 83' lang='lat' dir='ltr'>eat</span> <span class='ocrx_word' id='word_1_33' title='bbox 719 1129 757 1196; x_wconf 86' lang='lat' dir='ltr'>de</span> <span class='ocrx_word' id='word_1_34' title='bbox 784 1127 969 1215; x_wconf 79' lang='lat' dir='ltr'>dpooaiypsi.</span> <span class='ocrx_word' id='word_1_35' title='bbox 1009 1127 1095 1192; x_wconf 81' lang='lat' dir='ltr'>{iuno</span> 
     </span>
    </p>
   </div>
   <div class='ocr_carea' id='block_1_4' title="bbox 129 1259 1100 3037">
    <p class='ocr_par' dir='ltr' id='par_1_4' title="bbox 129 1259 1100 3037">
     <span class='ocr_line' id='line_1_7' title="bbox 130 1259 1095 1328; baseline -0.007 0"><span class='ocrx_word' id='word_1_36' title='bbox 130 1259 247 1328; x_wconf 87' lang='lat' dir='ltr'>auiiioet</span> <span class='ocrx_word' id='word_1_37' title='bbox 268 1259 378 1326; x_wconf 89' lang='lat' dir='ltr'>tibrum</span> <span class='ocrx_word' id='word_1_38' title='bbox 402 1279 462 1327; x_wconf 90' lang='lat' dir='ltr'>uon</span> <span class='ocrx_word' id='word_1_39' title='bbox 485 1261 582 1327; x_wconf 83' lang='lat' dir='ltr'>solum</span> <span class='ocrx_word' id='word_1_40' title='bbox 612 1268 680 1326; x_wconf 90' lang='lat' dir='ltr'>ante</span> <span class='ocrx_word' id='word_1_41' title='bbox 708 1259 865 1327; x_wconf 86' lang='lat' dir='ltr'>idaroionia</span> <span class='ocrx_word' id='word_1_42' title='bbox 889 1269 1018 1325; x_wconf 82' lang='lat' dir='ltr'>aetatem</span> <span class='ocrx_word' id='word_1_43' title='bbox 1043 1277 1095 1322; x_wconf 82' lang='lat' dir='ltr'>aa·</span> 
     </span>
     <span class='ocr_line' id='line_1_8' title="bbox 130 1389 1095 1476; baseline -0.003 -20"><span class='ocrx_word' id='word_1_44' title='bbox 130 1392 265 1473; x_wconf 82' lang='lat' dir='ltr'>stitisse,</span> <span class='ocrx_word' id='word_1_45' title='bbox 285 1390 339 1455; x_wconf 85' lang='lat' dir='ltr'>sed</span> <span class='ocrx_word' id='word_1_46' title='bbox 365 1390 491 1474; x_wconf 84' lang='lat' dir='ltr'>abipso</span> <span class='ocrx_word' id='word_1_47' title='bbox 513 1389 654 1476; x_wconf 80' lang='lat' dir='ltr'>Apostoto</span> <span class='ocrx_word' id='word_1_48' title='bbox 680 1391 795 1456; x_wconf 81' lang='lat' dir='ltr'>duanae</span> <span class='ocrx_word' id='word_1_49' title='bbox 822 1390 987 1476; x_wconf 79' lang='lat' dir='ltr'>proiectum</span> <span class='ocrx_word' id='word_1_50' title='bbox 1011 1407 1095 1471; x_wconf 83' lang='lat' dir='ltr'>esse,</span> 
     </span>
     <span class='ocr_line' id='line_1_9' title="bbox 129 1517 1096 1607; baseline 0 -23"><span class='ocrx_word' id='word_1_51' title='bbox 129 1537 228 1605; x_wconf 72' lang='lat' dir='ltr'>¹quam</span> <span class='ocrx_word' id='word_1_52' title='bbox 253 1526 373 1585; x_wconf 84' lang='lat' dir='ltr'>strenua</span> <span class='ocrx_word' id='word_1_53' title='bbox 398 1517 573 1586; x_wconf 76' lang='lat' dir='ltr'><strong>defendatur</strong></span> <span class='ocrx_word' id='word_1_54' title='bbox 595 1522 634 1585; x_wconf 91' lang='lat' dir='ltr'>ab</span> <span class='ocrx_word' id='word_1_55' title='bbox 660 1522 710 1604; x_wconf 83' lang='lat' dir='ltr'>iis,</span> <span class='ocrx_word' id='word_1_56' title='bbox 729 1541 803 1604; x_wconf 87' lang='lat' dir='ltr'>qnos</span> <span class='ocrx_word' id='word_1_57' title='bbox 825 1523 930 1586; x_wconf 88' lang='lat' dir='ltr'>uostris</span> <span class='ocrx_word' id='word_1_58' title='bbox 954 1521 1096 1607; x_wconf 84' lang='lat' dir='ltr'>tempori·</span> 
     </span>
     <span class='ocr_line' id='line_1_10' title="bbox 131 1649 1096 1734; baseline -0.002 -16"><span class='ocrx_word' id='word_1_59' title='bbox 131 1651 192 1718; x_wconf 83' lang='lat' dir='ltr'>bna</span> <span class='ocrx_word' id='word_1_60' title='bbox 212 1669 334 1716; x_wconf 83' lang='lat' dir='ltr'>oausam</span> <span class='ocrx_word' id='word_1_61' title='bbox 355 1649 511 1716; x_wconf 82' lang='lat' dir='ltr'>Maruionis</span> <span class='ocrx_word' id='word_1_62' title='bbox 536 1653 613 1716; x_wconf 88' lang='lat' dir='ltr'>tueri</span> <span class='ocrx_word' id='word_1_63' title='bbox 638 1649 794 1734; x_wconf 81' lang='lat' dir='ltr'>ridemus,</span> <span class='ocrx_word' id='word_1_64' title='bbox 823 1655 966 1718; x_wconf 83' lang='lat' dir='ltr'>norimus.</span> <span class='ocrx_word' id='word_1_65' title='bbox 1011 1651 1051 1718; x_wconf 81' lang='lat' dir='ltr'>Aa</span> <span class='ocrx_word' id='word_1_66' title='bbox 1072 1655 1096 1716; x_wconf 83' lang='lat' dir='ltr'>si</span> 
     </span>
     <span class='ocr_line' id='line_1_11' title="bbox 131 1780 1098 1866; baseline -0.002 -19"><span class='ocrx_word' id='word_1_67' title='bbox 131 1781 174 1847; x_wconf 83' lang='lat' dir='ltr'>de</span> <span class='ocrx_word' id='word_1_68' title='bbox 195 1783 254 1846; x_wconf 85' lang='lat' dir='ltr'>irao</span> <span class='ocrx_word' id='word_1_69' title='bbox 279 1781 406 1863; x_wconf 71' lang='lat' dir='ltr'>genuina</span> <span class='ocrx_word' id='word_1_70' title='bbox 434 1780 650 1866; x_wconf 70' lang='lat' dir='ltr'>Apoealypaeos</span> <span class='ocrx_word' id='word_1_71' title='bbox 685 1783 796 1864; x_wconf 77' lang='lat' dir='ltr'>origiue</span> <span class='ocrx_word' id='word_1_72' title='bbox 829 1781 903 1848; x_wconf 82' lang='lat' dir='ltr'>adeo</span> <span class='ocrx_word' id='word_1_73' title='bbox 927 1801 987 1846; x_wconf 92' lang='lat' dir='ltr'>non</span> <span class='ocrx_word' id='word_1_74' title='bbox 1011 1781 1098 1846; x_wconf 89' lang='lat' dir='ltr'>dubi·</span> 
     </span>
     <span class='ocr_line' id='line_1_12' title="bbox 132 1911 1097 1996; baseline -0.004 -18"><span class='ocrx_word' id='word_1_75' title='bbox 132 1911 262 1978; x_wconf 87' lang='lat' dir='ltr'>tandum</span> <span class='ocrx_word' id='word_1_76' title='bbox 287 1920 355 1993; x_wconf 81' lang='lat' dir='ltr'>est,</span> <span class='ocrx_word' id='word_1_77' title='bbox 376 1941 418 1956; x_wconf 90' lang='lat'>—</span> <span class='ocrx_word' id='word_1_78' title='bbox 439 1929 538 1977; x_wconf 87' lang='lat' dir='ltr'>nonne</span> <span class='ocrx_word' id='word_1_79' title='bbox 563 1914 748 1996; x_wconf 84' lang='lat' dir='ltr'>permirum,</span> <span class='ocrx_word' id='word_1_80' title='bbox 772 1911 853 1995; x_wconf 89' lang='lat' dir='ltr'>quod</span> <span class='ocrx_word' id='word_1_81' title='bbox 876 1911 1007 1978; x_wconf 81' lang='lat' dir='ltr'>idamion</span> <span class='ocrx_word' id='word_1_82' title='bbox 1029 1931 1097 1975; x_wconf 85' lang='lat' dir='ltr'>uam</span> 
     </span>
     <span class='ocr_line' id='line_1_13' title="bbox 133 2040 1097 2128; baseline -0.004 -19"><span class='ocrx_word' id='word_1_83' title='bbox 133 2043 181 2109; x_wconf 84' lang='lat' dir='ltr'>rei</span> <span class='ocrx_word' id='word_1_84' title='bbox 211 2042 255 2107; x_wconf 87' lang='lat' dir='ltr'>sio</span> <span class='ocrx_word' id='word_1_85' title='bbox 279 2049 381 2106; x_wconf 87' lang='lat' dir='ltr'>tamen</span> <span class='ocrx_word' id='word_1_86' title='bbox 405 2041 437 2104; x_wconf 91' lang='lat' dir='ltr'>in</span> <span class='ocrx_word' id='word_1_87' title='bbox 459 2040 593 2107; x_wconf 86' lang='lat' dir='ltr'>oodioom</span> <span class='ocrx_word' id='word_1_88' title='bbox 615 2062 703 2108; x_wconf 83' lang='lat' dir='ltr'>suum</span> <span class='ocrx_word' id='word_1_89' title='bbox 725 2061 786 2109; x_wconf 91' lang='lat' dir='ltr'>non</span> <span class='ocrx_word' id='word_1_90' title='bbox 812 2043 949 2128; x_wconf 82' lang='lat' dir='ltr'>recepit?</span> <span class='ocrx_word' id='word_1_91' title='bbox 993 2041 1097 2108; x_wconf 84' lang='lat' dir='ltr'>Nonne</span> 
     </span>
     <span class='ocr_line' id='line_1_14' title="bbox 133 2170 1098 2258; baseline 0 -20"><span class='ocrx_word' id='word_1_92' title='bbox 133 2173 234 2256; x_wconf 70' lang='lat' dir='ltr'>magis</span> <span class='ocrx_word' id='word_1_93' title='bbox 254 2172 345 2238; x_wconf 86' lang='lat' dir='ltr'>etiarn</span> <span class='ocrx_word' id='word_1_94' title='bbox 366 2170 398 2234; x_wconf 95' lang='lat' dir='ltr'>id</span> <span class='ocrx_word' id='word_1_95' title='bbox 417 2173 610 2256; x_wconf 80' lang='lat' dir='ltr'>mirabimur,</span> <span class='ocrx_word' id='word_1_96' title='bbox 633 2173 787 2239; x_wconf 80' lang='lat' dir='ltr'>nobiscum</span> <span class='ocrx_word' id='word_1_97' title='bbox 812 2179 1004 2258; x_wconf 76' lang='lat' dir='ltr'>reputantes,</span> <span class='ocrx_word' id='word_1_98' title='bbox 1027 2193 1098 2240; x_wconf 89' lang='lat' dir='ltr'>auo·</span> 
     </span>
     <span class='ocr_line' id='line_1_15' title="bbox 137 2300 1098 2386; baseline -0.004 -16"><span class='ocrx_word' id='word_1_99' title='bbox 137 2314 239 2370; x_wconf 85' lang='lat' dir='ltr'>turem</span> <span class='ocrx_word' id='word_1_100' title='bbox 258 2305 320 2386; x_wconf 73' lang='lat' dir='ltr'>eius</span> <span class='ocrx_word' id='word_1_101' title='bbox 342 2305 372 2368; x_wconf 91' lang='lat' dir='ltr'>iu</span> <span class='ocrx_word' id='word_1_102' title='bbox 396 2300 463 2366; x_wconf 78' lang='lat' dir='ltr'>daia</span> <span class='ocrx_word' id='word_1_103' title='bbox 488 2303 595 2369; x_wconf 90' lang='lat' dir='ltr'>minori</span> <span class='ocrx_word' id='word_1_104' title='bbox 622 2304 740 2380; x_wconf 79' lang='lat' dir='ltr'>vixisse,</span> <span class='ocrx_word' id='word_1_105' title='bbox 764 2304 856 2367; x_wconf 91' lang='lat' dir='ltr'>-iu</span> <span class='ocrx_word' id='word_1_106' title='bbox 881 2304 987 2368; x_wconf 83' lang='lat' dir='ltr'>eadem</span> <span class='ocrx_word' id='word_1_107' title='bbox 1010 2305 1098 2386; x_wconf 74' lang='lat' dir='ltr'>igitur</span> 
     </span>
     <span class='ocr_line' id='line_1_16' title="bbox 149 2431 1097 2518; baseline 0.003 -24"><span class='ocrx_word' id='word_1_108' title='bbox 149 2431 290 2514; x_wconf 73' lang='lat' dir='ltr'>regione,</span> <span class='ocrx_word' id='word_1_109' title='bbox 308 2432 384 2498; x_wconf 83' lang='lat' dir='ltr'>undo</span> <span class='ocrx_word' id='word_1_110' title='bbox 409 2435 472 2518; x_wconf 85' lang='lat' dir='ltr'>ipse</span> <span class='ocrx_word' id='word_1_111' title='bbox 494 2432 626 2498; x_wconf 76' lang='lat' dir='ltr'>Marcion</span> <span class='ocrx_word' id='word_1_112' title='bbox 649 2432 791 2499; x_wconf 89' lang='lat' dir='ltr'>oriundus</span> <span class='ocrx_word' id='word_1_113' title='bbox 813 2432 896 2498; x_wconf 82' lang='lat' dir='ltr'>tuiti</span> <span class='ocrx_word' id='word_1_114' title='bbox 930 2434 1016 2499; x_wconf 84' lang='lat' dir='ltr'>Certe</span> <span class='ocrx_word' id='word_1_115' title='bbox 1039 2435 1097 2498; x_wconf 90' lang='lat' dir='ltr'>mi-</span> 
     </span>
     <span class='ocr_line' id='line_1_17' title="bbox 146 2560 1098 2649; baseline 0.007 -25"><span class='ocrx_word' id='word_1_116' title='bbox 146 2560 206 2625; x_wconf 89' lang='lat' dir='ltr'>rari</span> <span class='ocrx_word' id='word_1_117' title='bbox 237 2560 420 2646; x_wconf 80' lang='lat' dir='ltr'>desinemus,</span> <span class='ocrx_word' id='word_1_118' title='bbox 454 2563 506 2628; x_wconf 90' lang='lat' dir='ltr'>nbi</span> <span class='ocrx_word' id='word_1_119' title='bbox 538 2563 626 2628; x_wconf 80' lang='lat' dir='ltr'>simui</span> <span class='ocrx_word' id='word_1_120' title='bbox 659 2563 814 2630; x_wconf 81' lang='lat' dir='ltr'>nobiseum</span> <span class='ocrx_word' id='word_1_121' title='bbox 843 2567 1098 2649; x_wconf 74' lang='lat' dir='ltr'>reputaverimus,</span> 
     </span>
     <span class='ocr_line' id='line_1_18' title="bbox 140 2665 1097 2781; baseline 0.002 -23"><span class='ocrx_word' id='word_1_122' title='bbox 140 2711 232 2777; x_wconf 91' lang='lat' dir='ltr'>quam</span> <span class='ocrx_word' id='word_1_123' title='bbox 256 2692 367 2758; x_wconf 84' lang='lat' dir='ltr'>diversa</span> <span class='ocrx_word' id='word_1_124' title='bbox 392 2694 430 2758; x_wconf 87' lang='lat' dir='ltr'>sit</span> <span class='ocrx_word' id='word_1_125' title='bbox 451 2665 583 2760; x_wconf 79' lang='lat' dir='ltr'>doctrina</span> <span class='ocrx_word' id='word_1_126' title='bbox 608 2693 825 2781; x_wconf 79' lang='lat' dir='ltr'>dpooaiypseos</span> <span class='ocrx_word' id='word_1_127' title='bbox 847 2695 884 2760; x_wconf 92' lang='lat' dir='ltr'>ab</span> <span class='ocrx_word' id='word_1_128' title='bbox 911 2697 981 2774; x_wconf 91' lang='lat' dir='ltr'>iiia,</span> <span class='ocrx_word' id='word_1_129' title='bbox 1006 2715 1097 2780; x_wconf 88' lang='lat' dir='ltr'>quam</span> 
     </span>
     <span class='ocr_line' id='line_1_19' title="bbox 136 2823 1098 2909; baseline 0 -21"><span class='ocrx_word' id='word_1_130' title='bbox 136 2823 336 2909; x_wconf 76' lang='lat' dir='ltr'>spargendam</span> <span class='ocrx_word' id='word_1_131' title='bbox 357 2823 414 2888; x_wconf 84' lang='lat' dir='ltr'>sibi</span> <span class='ocrx_word' id='word_1_132' title='bbox 431 2826 537 2889; x_wconf 78' lang='lat' dir='ltr'>sumsit</span> <span class='ocrx_word' id='word_1_133' title='bbox 558 2824 697 2891; x_wconf 85' lang='lat' dir='ltr'>idaroiou.</span> <span class='ocrx_word' id='word_1_134' title='bbox 722 2824 762 2889; x_wconf 83' lang='lat' dir='ltr'>At</span> <span class='ocrx_word' id='word_1_135' title='bbox 783 2828 807 2889; x_wconf 88' lang='lat' dir='ltr'>si</span> <span class='ocrx_word' id='word_1_136' title='bbox 823 2825 896 2889; x_wconf 81' lang='lat' dir='ltr'>hano</span> <span class='ocrx_word' id='word_1_137' title='bbox 918 2845 1003 2889; x_wconf 87' lang='lat' dir='ltr'>oausa</span> <span class='ocrx_word' id='word_1_138' title='bbox 1025 2825 1098 2905; x_wconf 85' lang='lat' dir='ltr'>init,</span> 
     </span>
     <span class='ocr_line' id='line_1_20' title="bbox 135 2951 1100 3037; baseline -0.003 -18"><span class='ocrx_word' id='word_1_139' title='bbox 135 2973 190 3019; x_wconf 85' lang='lat' dir='ltr'>our</span> <span class='ocrx_word' id='word_1_140' title='bbox 211 2955 325 3019; x_wconf 85' lang='lat' dir='ltr'>librum</span> <span class='ocrx_word' id='word_1_141' title='bbox 346 2955 460 3020; x_wconf 81' lang='lat' dir='ltr'>hunnos</span> <span class='ocrx_word' id='word_1_142' title='bbox 483 2955 516 3017; x_wconf 93' lang='lat' dir='ltr'>in</span> <span class='ocrx_word' id='word_1_143' title='bbox 538 2953 638 3018; x_wconf 86' lang='lat' dir='ltr'>oodioo</span> <span class='ocrx_word' id='word_1_144' title='bbox 673 2955 737 3037; x_wconf 88' lang='lat' dir='ltr'>ojus</span> <span class='ocrx_word' id='word_1_145' title='bbox 768 2953 909 3018; x_wconf 88' lang='lat' dir='ltr'>omissum</span> <span class='ocrx_word' id='word_1_146' title='bbox 944 2951 1100 3032; x_wconf 81' lang='lat' dir='ltr'>ridemus,</span> 
     </span>
    </p>
   </div>
   <div class='ocr_carea' id='block_1_5' title="bbox 28 3082 1099 3169">
    <p class='ocr_par' dir='ltr' id='par_1_5' title="bbox 28 3082 1099 3169">
     <span class='ocr_line' id='line_1_21' title="bbox 28 3082 1099 3169; baseline -0.006 -18"><span class='ocrx_word' id='word_1_147' title='bbox 28 3126 32 3130; x_wconf 92' lang='lat'><em>-</em></span> <span class='ocrx_word' id='word_1_148' title='bbox 136 3082 274 3169; x_wconf 87' lang='lat' dir='ltr'>quidde</span> <span class='ocrx_word' id='word_1_149' title='bbox 304 3087 425 3166; x_wconf 82' lang='lat' dir='ltr'>oeteris&#39;,</span> <span class='ocrx_word' id='word_1_150' title='bbox 459 3103 533 3168; x_wconf 90' lang='lat' dir='ltr'>quos</span> <span class='ocrx_word' id='word_1_151' title='bbox 564 3092 616 3147; x_wconf 91' lang='lat' dir='ltr'>aut</span> <span class='ocrx_word' id='word_1_152' title='bbox 648 3083 746 3148; x_wconf 90' lang='lat' dir='ltr'>omisit</span> <span class='ocrx_word' id='word_1_153' title='bbox 777 3092 828 3146; x_wconf 91' lang='lat' dir='ltr'>aut</span> <span class='ocrx_word' id='word_1_154' title='bbox 852 3083 906 3147; x_wconf 91' lang='lat' dir='ltr'>aiia</span> <span class='ocrx_word' id='word_1_155' title='bbox 932 3084 1023 3147; x_wconf 83' lang='lat' dir='ltr'>torma</span> <span class='ocrx_word' id='word_1_156' title='bbox 1047 3101 1099 3145; x_wconf 82' lang='lat' dir='ltr'>ea-</span> 
     </span>
    </p>
   </div>
   <div class='ocr_carea' id='block_1_6' title="bbox 136 3198 579 3298">
    <p class='ocr_par' dir='ltr' id='par_1_6' title="bbox 136 3198 579 3298">
     <span class='ocr_line' id='line_1_22' title="bbox 136 3198 579 3298; baseline -0.005 -20"><span class='ocrx_word' id='word_1_157' title='bbox 136 3198 259 3298; x_wconf 64' lang='lat' dir='ltr'>ldhun,</span> <span class='ocrx_word' id='word_1_158' title='bbox 278 3213 475 3298; x_wconf 76' lang='lat' dir='ltr'>judicandum</span> <span class='ocrx_word' id='word_1_159' title='bbox 498 3215 579 3279; x_wconf 82' lang='lat' dir='ltr'>urit?</span> 
     </span>
    </p>
   </div>
   <div class='ocr_carea' id='block_1_7' title="bbox 137 3595 1102 3815">
    <p class='ocr_par' dir='ltr' id='par_1_7' title="bbox 137 3595 1102 3815">
     <span class='ocr_line' id='line_1_23' title="bbox 186 3595 1102 3685; baseline -0.001 -23"><span class='ocrx_word' id='word_1_160' title='bbox 186 3595 235 3662; x_wconf 84' lang='lat' dir='ltr'>Ad</span> <span class='ocrx_word' id='word_1_161' title='bbox 259 3595 419 3682; x_wconf 85' lang='lat' dir='ltr'>Apostolioi</span> <span class='ocrx_word' id='word_1_162' title='bbox 440 3599 596 3667; x_wconf 82' lang='lat' dir='ltr'>Marcionis</span> <span class='ocrx_word' id='word_1_163' title='bbox 612 3601 863 3683; x_wconf 76' lang='lat' dir='ltr'>investigationem</span> <span class='ocrx_word' id='word_1_164' title='bbox 887 3602 1102 3685; x_wconf 58' lang='lat' dir='ltr'>progressuro,</span> 
     </span>
     <span class='ocr_line' id='line_1_24' title="bbox 137 3725 1102 3815; baseline 0.002 -25"><span class='ocrx_word' id='word_1_165' title='bbox 137 3726 240 3812; x_wconf 82' lang='lat' dir='ltr'>primo</span> <span class='ocrx_word' id='word_1_166' title='bbox 265 3725 331 3792; x_wconf 89' lang='lat' dir='ltr'>iooo</span> <span class='ocrx_word' id='word_1_167' title='bbox 366 3731 607 3815; x_wconf 79' lang='lat' dir='ltr'>contemplandos</span> <span class='ocrx_word' id='word_1_168' title='bbox 635 3751 666 3796; x_wconf 85' lang='lat' dir='ltr'>so</span> <span class='ocrx_word' id='word_1_169' title='bbox 694 3731 779 3797; x_wconf 90' lang='lat' dir='ltr'>nobis</span> <span class='ocrx_word' id='word_1_170' title='bbox 807 3729 934 3794; x_wconf 83' lang='lat' dir='ltr'>oderunt</span> <span class='ocrx_word' id='word_1_171' title='bbox 969 3730 1102 3794; x_wconf 85' lang='lat' dir='ltr'>nonnulii</span> 
     </span>
    </p>
   </div>
   <div class='ocr_carea' id='block_1_8' title="bbox 141 4029 1105 4358">
    <p class='ocr_par' dir='ltr' id='par_1_8' title="bbox 141 4029 1105 4358">
     <span class='ocr_line' id='line_1_25' title="bbox 141 4029 1104 4100; baseline -0.001 -16"><span class='ocrx_word' id='word_1_172' title='bbox 141 4029 265 4098; x_wconf 77' lang='lat' dir='ltr'>&#39;respuatis</span> <span class='ocrx_word' id='word_1_173' title='bbox 284 4033 337 4098; x_wconf 88' lang='lat' dir='ltr'>jam</span> <span class='ocrx_word' id='word_1_174' title='bbox 361 4036 475 4097; x_wconf 81' lang='lat' dir='ltr'>apparet,</span> <span class='ocrx_word' id='word_1_175' title='bbox 501 4036 530 4080; x_wconf 91' lang='lat' dir='ltr'>ut</span> <span class='ocrx_word' id='word_1_176' title='bbox 553 4031 630 4082; x_wconf 81' lang='lat' dir='ltr'>Deum</span> <span class='ocrx_word' id='word_1_177' title='bbox 654 4035 749 4084; x_wconf 77' lang='lat' dir='ltr'>seilicet</span> <span class='ocrx_word' id='word_1_178' title='bbox 772 4049 823 4084; x_wconf 87' lang='lat' dir='ltr'>nou</span> <span class='ocrx_word' id='word_1_179' title='bbox 845 4034 921 4083; x_wconf 90' lang='lat' dir='ltr'>alium</span> <span class='ocrx_word' id='word_1_180' title='bbox 940 4034 1104 4100; x_wconf 76' lang='lat' dir='ltr'>praedicantia</span> 
     </span>
     <span class='ocr_line' id='line_1_26' title="bbox 143 4118 1103 4186; baseline 0.002 -18"><span class='ocrx_word' id='word_1_181' title='bbox 143 4133 222 4184; x_wconf 85' lang='lat' dir='ltr'>quum</span> <span class='ocrx_word' id='word_1_182' title='bbox 245 4124 394 4178; x_wconf 78' lang='lat' dir='ltr'>creatorem,</span> <span class='ocrx_word' id='word_1_183' title='bbox 419 4133 466 4168; x_wconf 86' lang='lat' dir='ltr'>nec</span> <span class='ocrx_word' id='word_1_184' title='bbox 491 4118 748 4182; x_wconf 56' lang='lat' dir='ltr'>contaminatorum,</span> <span class='ocrx_word' id='word_1_185' title='bbox 766 4136 840 4185; x_wconf 88' lang='lat' dir='ltr'>quam</span> <span class='ocrx_word' id='word_1_186' title='bbox 857 4123 985 4184; x_wconf 77' lang='lat' dir='ltr'>creaioria,</span> <span class='ocrx_word' id='word_1_187' title='bbox 1003 4123 1103 4186; x_wconf 88' lang='lat' dir='ltr'>quando</span> 
     </span>
     <span class='ocr_line' id='line_1_27' title="bbox 145 4203 1105 4272; baseline 0.001 -19"><span class='ocrx_word' id='word_1_188' title='bbox 145 4219 196 4253; x_wconf 84' lang='lat' dir='ltr'>nac</span> <span class='ocrx_word' id='word_1_189' title='bbox 218 4204 344 4268; x_wconf 77' lang='lat' dir='ltr'>promissio</span> <span class='ocrx_word' id='word_1_190' title='bbox 368 4203 468 4269; x_wconf 76' lang='lat' dir='ltr'>spirituo</span> <span class='ocrx_word' id='word_1_191' title='bbox 492 4205 571 4254; x_wconf 85' lang='lat' dir='ltr'>eunuti</span> <span class='ocrx_word' id='word_1_192' title='bbox 593 4204 692 4255; x_wconf 80' lang='lat' dir='ltr'>aliunde</span> <span class='ocrx_word' id='word_1_193' title='bbox 713 4205 831 4272; x_wconf 84' lang='lat' dir='ltr'>probetur</span> <span class='ocrx_word' id='word_1_194' title='bbox 847 4205 966 4268; x_wconf 79' lang='lat' dir='ltr'>exhibita,</span> <span class='ocrx_word' id='word_1_195' title='bbox 984 4221 1058 4270; x_wconf 85' lang='lat' dir='ltr'>quam</span> <span class='ocrx_word' id='word_1_196' title='bbox 1075 4207 1105 4255; x_wconf 82' lang='lat' dir='ltr'>da</span> 
     </span>
     <span class='ocr_line' id='line_1_28' title="bbox 146 4289 687 4358; baseline 0 -18"><span class='ocrx_word' id='word_1_197' title='bbox 146 4291 312 4340; x_wconf 76' lang='lat' dir='ltr'>instrumento</span> <span class='ocrx_word' id='word_1_198' title='bbox 328 4291 464 4341; x_wconf 68' lang='lat' dir='ltr'>dotorum&#39;</span> <span class='ocrx_word' id='word_1_199' title='bbox 481 4291 545 4358; x_wconf 82' lang='lat' dir='ltr'>(adr.</span> <span class='ocrx_word' id='word_1_200' title='bbox 561 4289 592 4340; x_wconf 86' lang='lat' dir='ltr'>tt.</span> <span class='ocrx_word' id='word_1_201' title='bbox 608 4291 637 4339; x_wconf 79' lang='lat' dir='ltr'>V.</span> <span class='ocrx_word' id='word_1_202' title='bbox 653 4290 687 4354; x_wconf 79' lang='lat'>2).</span> 
     </span>
    </p>
   </div>
   <div class='ocr_carea' id='block_1_9' title="bbox 0 0 1425 4992">
    <p class='ocr_par' dir='ltr' id='par_1_9' title="bbox 0 0 1425 4992">
     <span class='ocr_line' id='line_1_29' title="bbox 0 0 1425 4992; baseline 0 0"><span class='ocrx_word' id='word_1_203' title='bbox 0 0 1425 4992; x_wconf 95' lang='lat' dir='ltr'> </span> 
     </span>
    </p>
   </div>
  </div>
 </body>
</html>
