2864 4996
725 375 874 436 -uffl

312 553 499 656 statuamus,
521 591 628 657 parum
657 582 743 640 caute
766 593 837 642 eom
859 569 959 641 omnia
984 581 1140 660 umquam
1171 577 1270 660 spuria

312 702 455 787 ejecisse,
477 721 554 788 quae
576 704 631 789 ipsi
653 723 714 770 nou
729 703 889 789 placerent
935 703 1062 788 Neque,
1083 705 1106 768 si
1125 704 1164 770 ad
1176 703 1277 794 {talem

315 831 486 915 opinionem
509 832 741 915 confugiendum
764 853 826 898 esse
843 851 904 900 non
924 837 1206 916 censemus,minus
1220 837 1278 900 mi-

314 960 442 1027 randum
465 970 531 1045 cst,
553 961 635 1046 quod
658 971 722 1027 tam
743 955 872 1047 abrupto
892 963 983 1030 modo
1001 965 1198 1046 Euangelium
1212 968 1279 1049 ejus

311 1091 481 1176 incipiebat.
526 1091 776 1177 locupletissimis
798 1093 909 1158 scilicet
934 1095 1110 1160 testimoniis
1143 1103 1277 1176 mustat,

315 1239 410 1303 eum,
443 1222 532 1284 missa
568 1229 627 1286 tota
657 1223 816 1286 nativitatis
840 1230 872 1286 et
899 1223 1041 1290 infantiae
1063 1225 1136 1289 Josu
1159 1226 1279 1290 historia

316 1349 401 1432 (Luc.
418 1350 432 1412 l
452 1359 482 1414 et
497 1351 563 1437 ll),
585 1350 740 1417 exordium
766 1351 867 1416 iecisse
894 1352 932 1416 ab
954 1354 1014 1436 iis,
1036 1373 1115 1436 quae
1133 1355 1204 1420 Luc.
1226 1355 1279 1420 lll.

317 1499 340 1544 s
365 1480 380 1541 l
408 1479 491 1545 initio
514 1479 675 1562 leguntur,
707 1480 813 1546 exinde
840 1500 932 1566 uero,
954 1485 1186 1569 praetermissis,
1204 1503 1280 1568 quae

317 1607 356 1672 da
378 1609 501 1674 Joauuis
522 1609 671 1696 Baptistae
700 1610 939 1696 praedicatione,
963 1631 1019 1677 neo
1054 1632 1113 1678 nou
1145 1613 1182 1678 de
1209 1614 1280 1678 lesu

316 1736 493 1822 baptismate
507 1741 630 1824 ejusque
642 1742 803 1806 tentatione
814 1746 845 1804 iu
857 1740 973 1807 deserto
985 1743 1056 1808 lmc.
1070 1744 1123 1808 lll.
1132 1765 1171 1808 rs.
1184 1746 1205 1806 9
1217 1765 1281 1828 sqq.

319 1875 350 1931 et
368 1867 438 1932 lue.
451 1867 491 1931 tv
515 1878 689 1951 narrantur,
703 1871 804 1934 statim
816 1871 847 1934 iu
863 1871 933 1936 Luc.
946 1872 997 1936 lv.
1019 1873 1058 1935 51
1081 1875 1282 1956 transnatare,

317 2005 467 2061 attextus
488 2001 554 2083 cJus
572 2000 628 2065 hoo
649 1997 740 2064 modo
771 2018 802 2064 aa
828 2000 973 2066 haberet:
1000 2007 1057 2074 Ἐν
1078 2006 1143 2074 lm
1166 2033 1282 2076 ψη..

319 2127 497 2212 acrdaadrp
527 2137 584 2206 τῆς
607 2131 780 2211 response
810 2135 962 2217 Τιβερίου
995 2137 1154 2219 Καίσαρος
1178 2141 1194 2205 ὃ
1218 2141 1285 2216 θεὸς

321 2259 377 2338 (sio
398 2259 480 2321 enim
499 2259 555 2342 logi
575 2262 667 2326 uoluit
689 2280 765 2344 pro:
788 2266 803 2332 d
831 2269 971 2359 Ἰησοῦς,
994 2266 1157 2350 quodlauo.
1171 2269 1223 2334 lV:
1240 2272 1279 2334 dl

321 2391 603 2473 subintelligendum
628 2399 687 2480 est)
708 2401 866 2475 κατῆλθεν
889 2402 1194 2490 eiaterensem,
1226 2407 1282 2475 ard·

322 2539 373 2592 λιν
405 2531 461 2601 τῆς
488 2527 688 2606 Γαλιλαίας,
723 2527 779 2594 καὶ
809 2522 845 2602 ἦν
874 2525 1027 2596 διδάσκων
1056 2531 1090 2598 da
1112 2541 1177 2604 coia
1196 2533 1281 2610 σάβ-

321 2661 403 2741 βασι
426 2656 486 2734 (ll.
532 2654 572 2719 At
594 2656 644 2720 tali
668 2655 759 2720 modo
793 2656 944 2738 Euangelii
972 2677 1186 2742 quameunque
1216 2667 1281 2722 tau-

322 2786 393 2850 dem
428 2790 667 2869 enarrationem,
697 2779 869 2855 -dnmmodo
897 2809 936 2855 ne
962 2792 1028 2854 licta
1054 2788 1106 2852 sed
1136 2805 1201 2852 vera
1233 2789 1281 2850 illa
1308 2857 1315 2867 p

322 2917 382 2998 ait,
402 2918 532 3001 incipere
548 2936 609 2984 uon
631 2918 778 3002 potuisse,
803 2920 870 3002 quis
892 2926 936 2983 est
958 2919 1009 3001 qui
1035 2935 1095 2982 nou
1119 2916 1240 2982 rideat?

368 3046 514 3112 Cohaeret
533 3050 589 3114 hoc
608 3057 710 3112 autem
734 3067 802 3114 curu
824 3050 878 3130 iis,
904 3066 980 3133 quae
1001 3047 1093 3114 altero
1115 3049 1180 3114 looo
1199 3048 1285 3112 nobis

326 3176 585 3242 animaduertenda
615 3188 706 3260 suut,
739 3167 875 3262 quaeque
905 3180 1001 3260 magis
1023 3179 1114 3242 ctiam
1145 3178 1287 3260 suspicio·

325 3323 396 3369 uem
431 3315 574 3388 movent,
603 3307 785 3372 Marcionem
814 3326 940 3392 reapse,
978 3315 1011 3370 ut
1045 3315 1156 3372 ueteres
1189 3307 1286 3370 testati

325 3442 417 3512 suut,
440 3434 537 3500 Lucae
560 3444 672 3500 textum
696 3437 733 3500 ad
749 3436 903 3500 libidinem
923 3436 1094 3519 corrupisse.
1141 3433 1172 3500 Si
1201 3454 1285 3500 uem·

325 3582 365 3647 pe
387 3563 495 3648 placita
518 3566 582 3648 ejus
604 3567 798 3651 respicimus,
825 3562 917 3628 laoilis
936 3563 1021 3628 nobis
1042 3564 1098 3628 erit
1116 3565 1284 3646 conclusio,

324 3711 395 3757 eum
423 3711 521 3777 neque
549 3694 670 3776 Lucae,
703 3713 801 3776 neque
828 3691 889 3756 ullo
914 3692 971 3758 alio
995 3692 1178 3776 Euangelio‚
1205 3695 1285 3778 quod

326 3811 465 3888 ccclesiae
502 3826 674 3890 auctoritate
708 3821 887 3904 invaluerat,
917 3825 958 3887 uti
986 3825 1138 3909 potuisse,
1172 3824 1227 3887 uisi
1253 3823 1284 3887 id

324 3953 406 4036 prius
428 3952 465 4016 ad
485 3973 553 4020 suos
567 3949 646 4018 'fines
669 3949 927 4017 accommodasset.
972 3951 1120 4033 Longum
1133 3951 1207 4017 loret
1229 3955 1284 4018 troc

323 4122 536 4146 μ’...

354 4245 387 4308 (1)
406 4247 426 4293 Η
434 4238 501 4294 ahu
512 4280 518 4304 ‚
539 4245 554 4292 Ι.
570 4244 586 4292 l.
604 4261 628 4308 p.
644 4241 700 4292 132.
736 4240 851 4306 Thilo,
870 4243 950 4292 Codex
961 4242 1143 4307 Apccryplrrta,
1159 4257 1182 4306 p.
1200 4239 1256 4292 403.
