2812 4992
526 405 687 466 ..91-

119 624 179 689 τοῦ
201 618 384 700 πνεύματος
405 613 511 679 adisse
535 613 678 680 meditem
702 615 762 696 sit,
795 631 867 678 enm
891 616 944 680 ista
976 633 1085 700 oppor-

112 753 245 822 tunitate
266 771 327 821 non
345 751 716 837 mercennariorum,
734 750 787 848 sed
801 747 937 818 dotando
950 760 981 816 et
996 771 1085 838 pran-

113 892 247 959 dieando
269 898 452 976 eoenpatnm
475 887 568 984 'tuton
599 889 742 956 doeemur
764 907 803 955 rs.
825 889 888 953 rt:
913 885 969 955 sai
987 889 1086 964 edric

115 1027 286 1096 teretem
308 1025 342 1091 dr
361 1031 433 1101 saie
449 1029 658 1104 συναγωγαῖς
678 1025 781 1092 αὐτῶν
798 1019 1001 1106 δοξαζόμενος
1022 1019 1082 1088 ὑπὸ

118 1154 252 1222 πάντων
270 1147 329 1232 (i)r

167 1289 260 1354 Porro
286 1305 338 1353 rss.
363 1287 491 1352 :tt-et
522 1289 554 1350 in
580 1287 737 1354 Marcionis
760 1285 921 1370 Euangeiio
944 1301 1003 1352 nnn
1033 1303 1085 1350 ex·

124 1417 228 1483 stitisse
250 1417 453 1484 eonfitendnm
476 1423 529 1482 est.
560 1415 599 1482 Ar
625 1435 677 1482 enr
701 1435 760 1482 non
783 1415 983 1482 exstiterunt?
1005 1411 1080 1496 Quia

123 1547 253 1633 ejusdem
284 1567 355 1613 oum
388 1549 445 1626 iis,
471 1565 548 1631 qnae
578 1549 711 1632 proxime
732 1545 936 1632 praecedent,
958 1547 1085 1612 auctoris

118 1679 201 1744 nerto
233 1677 324 1744 modo
357 1695 421 1742 esse
447 1685 578 1761 possunt
624 1675 810 1742 Sententiam
832 1697 873 1741 ra.
897 1677 940 1740 ii
965 1697 980 1741 a
1004 1675 1085 1742 Gon-

109 1825 266 1881 ·sertatore
284 1815 496 1880 enuntiatam:
525 1813 624 1886 adisis
647 1811 810 1896 προφήτης
825 1809 934 1887 δεκτός
950 1811 1035 1879 ἔστιν
1053 1813 1084 1878 ἕο

122 1965 161 2042 ru
185 1956 312 2039 neratde
328 1956 452 2040 airoi3
476 1965 555 2020 reete
587 1971 617 2018 se
646 1955 754 2018 habere
783 1951 888 2018 itiattir.
913 1949 996 2019 xlii.
1022 1953 1084 2036 88,

124 2091 174 2158 nbi
199 2091 287 2177 panio
310 2102 377 2156 ante
402 2091 440 2156 de
461 2089 670 2157 Nazarethanis
703 2091 846 2158 traditum
873 2091 990 2173 inerat,
1012 2087 1084 2154 Jesn

120 2227 207 2292 verba
230 2230 261 2291 in
280 2248 431 2294 summam
448 2227 642 2295 offensionem
660 2229 814 2294 incurrisse
836 2223 905 2312 (κο)
929 2226 1084 2295 ἐσκανδα-

123 2363 244 2446 λίζοντο
266 2365 296 2429 ἓν
319 2365 404 2449 αὐτῷ
432 2387 471 2430 rs.
506 2365 586 2452 57),
620 2367 677 2432 hoo
711 2374 811 2430 autem
838 2364 926 2445 loen,
952 2331 1018 2448 post
1047 2380 1081 2425 ea

125 2515 203 2578 qnae
231 2517 270 2560 rs.
297 2497 340 2560 22
366 2499 530 2565 habentur:
561 2502 617 2570 sei
638 2501 758 2571 adorsa
781 2495 972 2578 ἱμορτύοουν
994 2489 1081 2578 αὐτῷ

120 2628 178 2698 κο)
196 2631 372 2719 ἕθοούμοζον
396 2633 448 2702 ἐπὶ
471 2642 536 2710 τοῖς
556 2633 664 2714 λόγοις
687 2640 743 2711 τῆς
771 2641 904 2718 χάριτος
936 2635 1002 2703 τοῖς
1031 2625 1082 2692 ἐοι-

119 2761 334 2847 πορευομὲοοος
364 2769 400 2833 ἐκ
424 2773 480 2835 τοῦ
508 2763 669 2848 στόματος
692 2770 792 2836 αὐτοῦ
816 2805 857 2818 -
879 2768 1003 2831 minime
1024 2784 1084 2828 ren·

119 2908 152 2962 te
174 2919 204 2964 se
227 2900 359 2984 habere,
385 2921 421 2966 en
444 2913 527 2987 parte
547 2907 612 2987 jam
639 2905 800 2968 observavit
829 2904 1001 2967 Wettins
1022 2900 1084 2988 (2).

122 3025 208 3108 Quae
236 3051 303 3097 roro
332 3041 398 3097 tum
436 3033 475 3097 ab
502 3035 580 3113 hoe,
615 3043 681 3098 tnm
709 3033 746 3096 ab
775 3034 839 3098 aliis
876 3032 1086 3116 interpretibus

121 3153 229 3224 exinde
247 3159 384 3226 desumta
403 3171 473 3227 sunt
497 3171 597 3228 eontra
621 3163 712 3247 ipsius
737 3162 909 3226 narrationis
931 3161 1084 3224 veritatem

120 3290 292 3355 historicam
312 3300 514 3375 argumenta,
547 3292 585 3357 ad
609 3310 712 3358 omnes
733 3290 920 3355 difficultates
941 3291 1087 3358 tollendas

123 3436 184 3483 non
210 3421 368 3487 sufficiunt.
416 3423 459 3487 ita
485 3422 610 3487 demum
632 3422 782 3487 sublatum
802 3423 855 3486 has
872 3423 907 3486 iri
929 3423 1084 3504 ridemus,

121 3545 148 3612 si
172 3559 296 3632 quatuor
323 3552 361 3616 de
391 3555 498 3638 quibus
527 3556 642 3638 agimus
669 3574 722 3617 rss.
746 3553 784 3617 de
808 3553 908 3619 medio
933 3552 1085 3616 sustuleri-

118 3697 212 3763 mus,
237 3685 373 3764 qnneiroa
400 3682 481 3747 hand
501 3686 605 3766 exigna
635 3683 794 3764 Euangeiio
821 3682 978 3746 Marcionis
1001 3698 1084 3744 eom·

119 3806 275 3876 mendatio
297 3811 404 3877 exinde
426 3813 564 3897 aceedit,
588 3813 669 3898 qnod
692 3813 830 3898 ipsissimi
849 3812 891 3874 iiii
916 3831 968 3874 rss.
993 3811 1023 3874 in
1050 3830 1085 3876 eo

119 3959 184 4005 non
213 3939 387 4022 dominantur
411 3943 464 4026 (ὅ).

124 4077 354 4098 ..Q-

157 4145 345 4212 (risissent.
365 4147 382 4198 i.
399 4149 416 4198 1.
434 4165 458 4214 p.
474 4147 508 4199 73
525 4163 561 4214 sq.
595 4149 687 4211 Banr,
705 4149 722 4199 l.
740 4149 756 4200 l.
774 4165 798 4216 p.
817 4149 874 4202 398.

158 4231 193 4298 (2)
211 4231 300 4296 hag.
319 4233 382 4284 ttdb.
402 4237 422 4286 t.
439 4235 463 4284 2.
481 4252 505 4299 p.
522 4235 561 4284 38.

158 4317 193 4384 (3)
210 4320 344 4372 ttitreht.
363 4323 378 4373 i.
397 4323 413 4372 i.
431 4339 455 4390 p.
473 4320 506 4371 7t
522 4337 576 4386 sqq.
610 4322 646 4371 Cf.
663 4321 755 4384 daur,
773 4323 790 4372 i.
807 4323 824 4373 l.
841 4342 864 4389 p.
882 4325 938 4376 399,
