2834 4996
715 433 754 448 ·-
766 403 832 465 ⁴20AE
852 435 893 454 -··

322 602 411 666 troisse
433 608 610 666 statuamus.
655 602 762 667 Totins
777 604 870 670 immo
894 603 1046 684 Euangelii
1069 604 1142 668 hacc
1167 612 1216 669 est
1236 625 1306 672 -na-
1403 599 1404 680 l

320 739 409 811 tora,
443 733 516 795 isaeo
537 729 651 798 indoles
673 735 763 816 atqtre
784 734 883 814 ratio,
911 741 958 798 nt·
971 730 1091 797 dirersis
1117 735 1203 817 qnasi
1235 735 1306 800 elc-

321 861 431 924 mentis
444 867 581 944 constet,
602 849 730 945 oncrum
755 871 869 947 partam
891 862 975 927 Pauli
993 863 1142 947 imprimis
1164 873 1306 931 sectato

322 1008 390 1072 res,
413 998 528 1074 partem
541 990 693 1056 ludaistae
705 994 893 1076 arripuerunt
905 999 995 1076 atque
1005 992 1162 1058 coluerunt
1174 1040 1185 1074 ‚
1196 1015 1304 1078 quac·

321 1138 402 1204 qne,
417 1117 560 1187 dissoluto
583 1119 707 1186 demum
720 1167 739 1206 ,,
751 1141 810 1206 qno
834 1124 964 1207 primurn
987 1121 1064 1186 inter
1078 1102 1110 1186 se
1126 1127 1299 1208 conjunge·

321 1249 452 1328 bantur,
466 1251 580 1316 rinonlo
592 1297 603 1334 ‚
615 1248 779 1336 discrepare
790 1253 974 1336 inceperunt.
999 1251 1190 1318 llirersornm
1203 1257 1297 1337 igitur

320 1380 430 1446 horum
447 1380 662 1454 elomentorum
679 1382 798 1464 uestigia
821 1383 850 1445 in
874 1381 980 1447 iisdem
991 1383 1081 1448 ltu.
1094 1383 1179 1448 libris
1190 1405 1292 1451 ooonn

321 1528 408 1594 rere,
430 1509 511 1594 qnid
526 1514 665 1577 anirnrnl
694 1511 773 1591 Quid
787 1489 986 1579 adulteratam
998 1512 1188 1581 clamitamus
1201 1518 1288 1600 scrip·
1404 1529 1405 1532 ’

321 1647 444 1724 turam,
464 1642 588 1708 simulac
603 1642 757 1708 Paulinam
773 1642 938 1708 doctrinam
964 1661 1033 1708 cnm
1055 1643 1131 1726 legis
1154 1644 1278 1724 religiosa
1404 1679 1405 1682 =

323 1770 455 1854 quadam
476 1772 677 1839 obaerratione
699 1772 854 1858 scriptores
873 1791 970 1838 moros
981 1771 1136 1840 tradidisse
1147 1779 1277 1860 appareti
1404 1739 1405 1746 ἵ

321 1899 573 1987 Adstipnlandnm
597 1921 666 1968 sanc
689 1901 913 1986 quodammodo
939 1903 1015 1968 iorct
1040 1901 1283 1984 diurnalis,

321 2031 345 2094 ai
372 2031 632 2117 probationum,
666 2032 763 2097 Lucae
794 2031 991 2114 Euangelinm
1018 2033 1285 2099 ontinrnrcioot'ts'-

320 2179 391 2226 cum
421 2180 540 2246 qnoqnc
576 2161 683 2226 reterre
705 2161 856 2245 colorem,
878 2181 938 2245 qno
961 2161 1035 2227 illud
1058 2161 1218 2228 Marcionis
1236 2162 1288 2227 de·

320 2311 406 2357 mom
427 2300 546 2374 mute,
569 2300 621 2357 ant
639 2293 732 2357 serins
754 2293 842 2357 etiarn
855 2337 865 2374 ,
880 2293 1019 2358 haeretici
1041 2295 1128 2378 hujus
1150 2308 1287 2359 errorum

321 2421 557 2508 repellendorum
586 2423 677 2505 gratia
702 2424 902 2508 conscriptum
940 2432 1121 2506 argueretur.
1167 2423 1285 2490 Athos

321 2571 360 2617 ne
382 2553 444 2636 ipse
466 2551 631 2620 Bantius
652 2551 877 2618 concedendum
899 2553 926 2617 ei
949 2553 1136 2638 cssepntauit
1152 2554 1206 2638 (i).
1225 2552 1281 2617 llcc

323 2679 453 2767 proiecto
471 2681 528 2747 hoc
545 2681 603 2746 illis
621 2682 764 2767 probatur
778 2683 871 2766 locis,
894 2702 968 2768 qnos
989 2701 1004 2748 a
1027 2684 1126 2748 Lucae
1148 2685 1273 2767 scriptore

322 2822 374 2876 ant
387 2810 531 2898 additos,
558 2821 610 2878 ant
631 2813 805 2878 immutatos
826 2795 889 2877 esse
913 2811 1141 2877 llitscholins
1164 2813 1276 2892 statuit,

320 2935 414 3029 ouum
447 2942 552 3008 iisdem
597 2943 685 3030 plane
719 2944 901 3026 argumentis
933 2941 1128 3008 demonstrari
1176 2950 1279 3028 queat,

322 3073 504 3157 Marcionem
528 3092 578 3139 cos
600 3073 630 3136 in
654 3073 700 3138 sni
723 3074 887 3156 systematis
910 3073 1032 3154 gratiam
1049 3083 1100 3138 ant
1114 3073 1283 3153 sustulisse,

318 3189 372 3270 aut
386 3192 576 3270 ‘conuertisse

366 3331 455 3413 Quod
479 3332 551 3400 alios
571 3352 658 3418 porro
675 3333 780 3398 attinet
796 3333 894 3416 locos,
917 3353 991 3420 qnos
1012 3333 1109 3399 lucae
1133 3341 1282 3400 auctorem

187 3481 190 3485 ·
320 3482 356 3528 ex
382 3463 542 3545 Euangelio
570 3462 735 3530 secundnm
759 3463 944 3530 lllatthacum
977 3466 1106 3530 hausisse
1140 3465 1181 3528 ait
1208 3465 1283 3528 liit-

318 3594 517 3692 schelius,
550 3595 598 3658 his
633 3603 704 3659 tnnc
738 3594 860 3659 demum
885 3593 1054 3678 persuaderi
1077 3595 1163 3660 nobis
1185 3595 1284 3678 aliquo
1405 3581 1406 3584 ¹

318 3723 408 3814 modo
430 3725 601 3812 patiemur,
623 3724 647 3788 si
669 3724 800 3808 prinlum
825 3732 904 3788 ostra
929 3743 1050 3790 omnem
1066 3717 1283 3790 dubitationem
1401 3745 1402 3768 ¹

319 3853 407 3918 inerit
428 3855 579 3939 positum,
603 3854 797 3936 Euangelinm
823 3853 901 3918 istud
928 3873 1025 3920 revera
1050 3854 1171 3938 plnres,
1194 3863 1231 3918 nt
1246 3855 1283 3917 ita
1394 3892 1395 3896 =

317 3981 441 4066 dicam,
464 3985 646 4050 recensiones
671 3985 814 4064 subiisse,
839 3993 928 4069 atquo
955 3986 996 4050 sic
1023 3994 1089 4070 post
1114 3985 1207 4051 rarios
1235 3952 1282 4048 cass
1387 4051 1388 4058 χ

351 4276 386 4346 (2)
403 4276 487 4328 nasot.
503 4276 587 4338 tanet.
605 4277 635 4328 V.
652 4292 676 4343 p,
692 4275 751 4328 595.
767 4301 800 4334 q-
816 4275 851 4326 Gi.
868 4291 890 4327 r.
909 4276 1035 4328 Vlotrn
1051 4274 1069 4328 l.
1086 4275 1103 4325 l.
1119 4289 1144 4340 p.
1161 4272 1194 4324 72
1209 4287 1245 4337 aq.
