2864 4996
728 385 888 444 310...

746 631 772 709 ς.
808 627 862 690 nr.

499 845 737 928 Disputationes
764 847 850 910 rotie
873 864 909 911 ae
931 845 1106 916 oretlrorttrr.
1182 881 1185 892 ·

363 1105 471 1172 Tribm
502 1105 591 1186 igitur
628 1105 761 1189 partibus
795 1106 959 1190 disquisitio
995 1115 1094 1174 nostra
1127 1105 1282 1177 eonstnbit.

316 1235 429 1302 Priene
447 1235 515 1302 loeo
539 1244 712 1318 arguments
732 1238 953 1303 reeensebimm
973 1239 1152 1323 preminur,
1176 1238 1287 1320 quinus

318 1368 425 1434 nititur
450 1368 619 1448 sententis,
641 1385 734 1450 qnam
761 1367 800 1431 ab
828 1367 980 1433 thnio
1001 1365 1288 1434 Oishsnsenio·

318 1514 377 1577 qne
395 1497 543 1580 imprimis
560 1496 800 1562 eommendntem
817 1498 971 1579 ridemus,
983 1495 1166 1562 Marcionem
1181 1493 1283 1562 Ennn·

317 1625 452 1706 mrum,
482 1625 563 1708 quod
589 1644 606 1690 e
632 1627 711 1691 Lnee
738 1636 858 1697 suetoso
880 1645 990 1699 nomen
1016 1627 1130 1710 hebet,
1149 1626 1190 1692 ed
1211 1625 1283 1692 libi·

318 1755 420 1822 dinem
444 1754 632 1822 ndrnltennme.
677 1756 817 1834 Deinde
839 1759 876 1822 iis
897 1757 1087 1842 ridebimus,
1109 1775 1187 1842 qnee
1202 1759 1283 1824 trimo

318 1887 474 1970 postremis
502 1887 586 1952 annis
610 1887 653 1951 rel
679 1887 836 1972 primurn,
866 1887 910 1952 rel
934 1886 973 1952 de
994 1905 1070 1954 noro
1092 1907 1109 1952 n
1131 1887 1284 1954 nonnuliis

318 2016 348 2082 in
372 2015 507 2082 medium
529 2035 565 2082 eo
588 2016 708 2084 oonsilio
731 2017 844 2102 prolata
869 2026 961 2099 sunt,
982 2027 1017 2082 nt
1038 2018 1221 2086 Marcionem
1243 2017 1281 2084 nh

318 2145 540 2214 adulterationis
558 2143 589 2212 S.
606 2145 775 2232 Soripturee
794 2147 917 2212 mimine
932 2146 1114 2228 liberarent,
1131 2147 1283 2231 simulque

318 2275 522 2355 ostenderent,
545 2277 764 2359 Euangeiium,
786 2275 1003 2358 qnodtertinm
1024 2276 1056 2338 in
1081 2275 1119 2342 tt.
1143 2275 1282 2344 Foedenis

318 2425 430 2472 senene
463 2407 563 2474 losum
592 2408 727 2490 obtinet,
750 2405 823 2472 nibil
847 2405 929 2470 aliud
951 2425 1036 2484 esse,
1057 2407 1114 2471 nisi
1133 2409 1283 2489 antiquio·

318 2539 357 2602 ris
380 2537 532 2619 Euangelii
553 2537 747 2603 Moroionitiei
768 2535 1045 2619 interpotrtionibns
1078 2533 1282 2619 eomplnriimo

317 2675 435 2736 aueum
461 2667 671 2738 recensionem.
713 2663 901 2744 Postremo,
926 2669 1053 2745 unaque
1081 2671 1165 2747 porte
1193 2659 1281 2727 endi·

317 2807 346 2866 ts
360 2843 371 2880 ‚
393 2798 541 2862 rationum
569 2791 837 2877 computandorum
850 2838 860 2874 ,
892 2790 1065 2875 simulque,
1091 2789 1165 2874 qnid
1179 2792 1210 2854 in
1223 2793 1279 2856 heo

317 2946 349 2990 re
374 2924 487 2991 veritati
506 2924 636 2987 monime
658 2925 695 2986 sit
717 2931 973 3004 consentaneum,
994 2919 1177 3006 dijudieenrii
1197 2923 1280 2988 ioons

315 3054 399 3122 nobis
421 3055 483 3118 erit.
