2834 4996
489 355 492 360 ’
591 374 774 434 ..rae-

196 565 393 652 quodetiam
416 585 455 634 rs.
478 569 517 636 rt
544 570 582 636 ab
599 573 663 657 ipse
681 572 755 638 lese
773 591 945 659 expressum
964 574 1089 660 lenimus
1105 579 1160 666 (l).

244 695 292 762 dd
316 697 388 762 Lue.
410 697 528 766 Md.
565 701 601 766 nl.
624 701 795 768 Wettius
817 702 837 768 l.
861 703 879 768 l.

243 835 312 900 lue.
336 833 414 901 XVl.
439 834 480 898 17
503 836 660 903 tentionem
682 841 737 904 τοῦ
760 835 871 924 eduen,
893 857 952 906 nnn
970 831 1159 938 rern,quarn

193 967 355 1034 massionis
370 967 566 1051 Euangeliunr
584 971 719 1050 exhibet,
740 973 801 1036 τῶν
820 968 924 1050 λόγων
941 995 1020 1056 μου,
1031 976 1159 1040 autlen-

193 1095 302 1160 tinam.
320 1113 399 1174 esse,
432 1098 496 1182 ipra
530 1105 665 1164 eeutexta
700 1099 793 1165 eratin
814 1097 923 1186 „dneet
968 1098 1047 1166 [lieit
1078 1103 1159 1166 enirn

192 1225 301 1308 lesus,
334 1225 406 1308 legis
437 1226 560 1310 quidem
590 1228 751 1313 imperium
785 1227 1037 1309 essebonum,
1071 1247 1158 1314 prae-

190 1356 290 1441 eeptis
310 1373 378 1422 rere
400 1359 465 1442 eius
487 1358 559 1420 nilsll
584 1359 614 1420 in
637 1366 792 1422 aeternum
815 1375 900 1441 pesse
920 1355 1051 1439 detrahi,
1076 1358 1157 1441 qued

194 1503 287 1569 quarn
321 1504 459 1571 perverse
493 1487 579 1552 multi
614 1493 770 1571 putarent,
803 1487 856 1568 qui
880 1485 906 1549 ri
928 1485 1013 1569 quasi
1038 1487 1070 1552 iu
1091 1506 1159 1570 reg·

192 1633 269 1680 num
303 1616 429 1682 eoeleste
463 1616 571 1680 intrare
596 1623 761 1698 tentarent,
783 1633 853 1681 mex
874 1616 1011 1701 exempto
1034 1616 1158 1684 demon·

192 1761 277 1818 strat.
300 1748 379 1817 Seite
398 1753 517 1836 insuper
534 1751 695 1818 observavit
712 1751 883 1834 Wettius,
900 1769 1002 1817 renem
1024 1752 1154 1836 unnim

190 1884 231 1950 de
255 1885 320 1968 lege
348 1884 490 1968 quidem,
512 1903 570 1952 unu
599 1903 665 1952 rere
688 1883 726 1951 de
749 1882 859 1964 Adron
880 1885 1000 1952 Domini
1023 1885 1155 1952 adhiberi

190 2015 330 2102 petuisse.
756 2051 762 2066 ·

235 2143 285 2209 Ad
307 2143 344 2209 X.
363 2145 414 2208 91.
440 2143 476 2208 el.
500 2143 655 2208 Wettius
674 2144 693 2208 l.
710 2143 729 2208 l.
752 2153 782 2208 et
799 2144 937 2210 Baurus
957 2146 975 2211 l.
993 2145 1012 2211 l.
1028 2167 1059 2232 p.
1077 2146 1150 2212 508.

234 2281 344 2348 Utrum
376 2279 507 2346 llareinn
541 2281 612 2345 tue.
639 2278 702 2343 XX.
726 2279 768 2342 tn
791 2279 896 2344 rerba:
920 2279 982 2348 ὑπὸ
1003 2285 1060 2348 τοῦ
1080 2282 1149 2350 θεοῦ

195 2407 355 2491 addiderit,
389 2427 428 2472 un
462 2426 530 2473 rere
558 2407 713 2474 tentionem
739 2407 850 2472 seriam
876 2417 994 2473 seeutus
1014 2409 1069 2491 sit,
1092 2407 1151 2474 dii-

196 2537 265 2603 dede
290 2548 335 2605 est
360 2537 452 2603 dintu.
497 2537 584 2604 llulla
609 2555 679 2601 sane
701 2547 746 2601 est
768 2555 874 2618 eausa,
896 2555 949 2602 nur
971 2537 1039 2604 data
1062 2557 1149 2624 opera

187 2667 336 2734 addidisse
356 2670 406 2733 illa
428 2665 592 2733 censendus
610 2668 666 2749 sit3
688 2685 785 2752 neque
808 2667 898 2732 etiarn
922 2668 977 2733 hee
992 2669 1021 2732 in
1038 2669 1149 2734 crimen
1182 2723 1199 2734 .

182 2800 215 2862 ei
239 2817 255 2860 a
279 2799 509 2863 Tertulliano
536 2798 664 2862 vertitur.
711 2796 751 2862 At
772 2796 852 2862 nulla
868 2797 961 2862 ¹etiarn
983 2807 1149 2882 causaest,

185 2945 241 2994 nur
275 2927 370 2992 Lunae
403 2929 577 3011 scriptorem
607 2925 756 2990 sustulisse
778 2924 826 2988 illa
850 2932 1008 3009 putemus,
1034 2945 1149 3008 quum,

186 3056 284 3143 qualis
317 3067 392 3124 esset
434 3075 531 3122 sersus
576 3056 665 3140 hujus
711 3055 801 3122 totius
845 3071 964 3137 seusus,
1011 3055 1055 3120 rel
1088 3075 1147 3122 una

177 3195 287 3261 ‘venula
312 3192 366 3260 eet
388 3195 461 3260 satis
479 3209 627 3278 superque
647 3190 835 3256 indicaretur.
859 3190 1039 3258 Luculentus
1063 3192 1144 3258 enim

186 3329 276 3398 index
299 3330 372 3394 lraee
398 3327 482 3394 nobis
507 3324 649 3412 particula
672 3332 734 3407 est,
753 3326 934 3406 genitivum:
956 3329 1012 3395 eon
1035 3327 1143 3402 aldeae

185 3464 320 3542 lustros,
343 3483 402 3530 nou
435 3463 474 3527 ad
501 3461 694 3549 praecedens:
719 3461 780 3528 ὑπὸ
805 3465 860 3530 τοῦ
886 3462 974 3544 θεοῦ,
989 3479 1051 3524 esse
1067 3460 1144 3526 rele-

185 3597 331 3674 rendum,
367 3597 438 3698 sed,
477 3617 534 3662 una
565 3615 634 3661 eum
663 3593 814 3678 sequenti:
845 3589 1144 3672 virdunensium,

185 3756 202 3799 a
236 3733 323 3799 verbe
357 3739 468 3815 τυχεῖν
506 3729 645 3816 pendere.
704 3727 781 3794 Cett.
815 3727 938 3793 verbum
972 3721 1144 3803 καταξιαῦν

185 3891 245 3940 nnn
272 3869 434 3935 necessarie
460 3866 665 3950 requirerent
696 3863 756 3932 ὑπὸ
777 3867 833 3932 τοῦ
857 3862 947 3945 deod,
977 3859 1021 3925 rel
1048 3857 1143 3922 simile

184 4004 276 4089 quid,
298 4021 321 4066 s
344 3995 507 4077 addamus,
530 4013 553 4058 s.
577 3991 849 4075 subintelligamus,
884 3990 956 4054 suite
985 3988 1145 4054 observarit

196 4147 409 4171 ιιι-ι...-

218 4236 253 4304 (l)
269 4239 304 4292 Gi.
321 4239 475 4292 wellin·
490 4237 508 4290 Ι.
524 4238 542 4290 l.
559 4254 583 4305 p.
599 4236 657 4290 ttt.
