2878 4994
721 367 903 430 *2⁰8-

373 569 438 636 iius
462 569 600 653 minoem
627 569 773 651 nntium,
797 568 881 651 quod
901 586 948 636 ex.
961 583 1021 633 uno
1043 569 1125 650 qnasi
1148 587 1204 636 ore¹
1222 588 1290 636 orn-

327 717 380 769 nes
412 700 535 766 omnino
568 706 678 766 ratores
707 695 910 780 tradiderunt,
946 697 1130 766 Marcionem
1151 717 1222 766 enm
1244 717 1295 766 ae·

327 837 391 894 tera
416 827 592 910 Euangeiia,
627 836 693 894 tum
712 828 808 897 etiam
833 826 1293 914 manutenementum

328 968 391 1041 est,
423 959 584 1035 invenisse,
620 959 751 1038 nouisse,
784 956 1035 1042 pergratumque
1065 959 1295 1027 sibiasnmsissea

327 1089 392 1162 ¹iioe
425 1096 526 1152 autem
559 1089 648 1154 misso
683 1087 780 1171 iaetu,
809 1086 848 1152 ari
872 1087 955 1157 aliud
978 1089 1118 1157 eontinno
1139 1090 1295 1174 pergimus

329 1228 557 1300 argumentum,
590 1217 671 1300 qnod
704 1236 741 1288 ex
773 1216 899 1284 «initiati
930 1219 1088 1304 Martyria
1122 1220 1293 1286 testimonio

328 1351 390 1435 peti
404 1367 489 1434 posse
500 1347 623 1414 ridetur.
668 1346 825 1427 Quaeritur
843 1349 1001 1430 nimirum,
1015 1367 1054 1412 an
1070 1349 1168 1415 Lunae
1190 1349 1295 1417 Euan-¹

328 1479 440 1564 gelinm
475 1479 638 1560 canoniea,
674 1497 732 1561 qna
770 1475 845 1552 iliud
878 1479 1033 1551 norimus,
1069 1477 1189 1562 torma,
1223 1481 1295 1546 huie

329 1610 468 1691 ecelesiae
490 1610 566 1694 patri
588 1607 745 1674 iiareionis
770 1606 884 1690 aequati
908 1607 1076 1674 innotuerit.
1099 1607 1297 1690 Negatriiit·

328 1739 520 1822 anbeiius,
543 1739 714 1822 multusque
736 1747 780 1802 est
808 1738 840 1803 in
866 1737 1115 1821 demonstrantio‚
1137 1737 1298 1808 dootorem

328 1871 414 1936 iilum
447 1872 477 1934 in
511 1869 593 1934 tibris
626 1870 686 1934 suis
715 1888 776 1935 non
802 1868 915 1933 Lunam
936 1869 1036 1953 ipsum
1062 1868 1215 1952 laudasse,
1238 1871 1295 1936 sed

328 2001 527 2068 narrationem
543 1999 694 2082 aliquam,
716 1999 879 2082 quantiam
893 1999 1293 2086 Luoaosoriptortarnqnam

328 2131 408 2200 iente
438 2151 507 2198 mus
528 2138 572 2196 ost
594 2130 647 2215 (i).
691 2129 828 2212 Longum
851 2129 982 2214 proiectu
1012 2130 1104 2212 iuret,
1126 2129 1283 2252 omnium,

328 2263 380 2346 qui
402 2263 462 2326 buo
476 2263 508 2324 in
519 2279 642 2326 oensum
656 2261 777 2324 ueniunt
787 2307 798 2336 ,
809 2261 942 2326 tonorum
958 2259 1100 2326 diuersam
1109 2257 1286 2341 perserutari

329 2393 490 2475 rationem3
512 2398 542 2455 at
565 2391 620 2458 hoc
641 2398 743 2454 tamen
765 2390 914 2455 monitum
934 2389 1016 2471 noio,
1037 2386 1190 2455 nonnuiios
1207 2391 1294 2449 nerto

330 2541 411 2606 esse,
434 2524 485 2606 qui
508 2520 643 2586 dubitare
665 2539 718 2586 nos
740 2526 856 2598 vetent,
879 2521 951 2600 quin
973 2516 1145 2582 instinus
1164 2531 1224 2579 nun
1244 2529 1297 2578 so-

331 2653 395 2718 ium
416 2653 480 2718 ilias
502 2652 612 2715 [tusani
633 2647 784 2728 Euangeiii
799 2653 916 2727 partes,
938 2644 1048 2726 quibus
1065 2643 1198 2708 Marcion
1223 2662 1301 2708 usus

331 2794 394 2866 est,
430 2781 482 2848 sed
513 2782 662 2861 integrum
692 2783 825 2841 nostrum
853 2773 966 2839 nuum
988 2773 1120 2854 noterit,
1143 2779 1236 2856 atquo
1263 2781 1296 2836 nt

334 2915 474 2980 eanonieo
497 2913 526 2976 in
549 2910 664 2994 seriptis
685 2908 744 2972 suis
766 2925 837 2970 usus
859 2905 908 2970 sit.

377 3043 561 3107 lustinum
588 3039 671 3123 piura
693 3053 871 3103 memorasse
893 3053 910 3099 e
932 3034 1110 3116 nativitatis,
1132 3031 1295 3116 infantiae,

329 3171 511 3261 iuuentutis,
550 3169 734 3256 baptismatis
773 3167 845 3232 iesu
880 3166 1017 3242 historia,
1053 3182 1129 3247 qnae
1164 3163 1293 3248 pariter,

334 3301 440 3370 iisdem
464 3300 589 3368 subinde
613 3298 726 3380 uerbis,
748 3298 778 3361 in
793 3295 887 3363 tribus
908 3293 1054 3379 prioribus
1075 3292 1172 3358 Lunae
1195 3290 1298 3375 Capu,

335 3434 425 3500 relata
442 3431 559 3497 anobis
580 3428 738 3512 leguntur,
765 3427 828 3512 ipso
848 3423 1073 3488 liitseirniins
1093 3421 1212 3488 infitiari
1235 3439 1296 3488 non

336 3565 434 3650 potuit
455 3561 507 3646 (2).
565 3559 648 3650 iiano
672 3565 772 3643 autem
795 3553 1029 3619 conuenientium
1050 3551 1121 3616 inde
1145 3553 1299 3636 oxpiieau·

338 3692 408 3758 riam
426 3711 488 3756 esse
511 3689 654 3774 conjecit,
676 3684 758 3768 quod
779 3691 921 3767 uterque,
946 3701 1015 3750 cum
1038 3681 1057 3806 i
1064 3684 1206 3748 ustinus
1230 3690 1296 3750 turn

339 3909 541 3923 m..-

372 4062 652 4138 (1)1.1.p.1ooaqq.
1246 4103 1250 4110 ι
1290 4103 1295 4110 ⁸

373 4155 408 4226 (2)
425 4155 442 4205 l.
456 4153 474 4203 l.
490 4169 516 4218 p.
531 4148 579 4202 141
594 4163 649 4212 sqq.
666 4166 694 4181 ··
713 4144 752 4194 Ci-
766 4133 919 4222 Sem'iseh
935 4138 953 4190 l.
969 4141 986 4191 i.
1003 4156 1028 4205 p.
1047 4139 1095 4192 134
1110 4157 1165 4206 iqq,
1180 4177 1182 4186 ,
1199 4145 1300 4194 siem,

341 4243 425 4296 ieri.
441 4240 459 4292 i.
475 4238 518 4288 Vi.
534 4235 559 4287 t.
574 4233 720 4302 iniisssqq.
753 4227 993 4279 iiandeeirari.
1010 4227 1027 4275 i.
1044 4241 1069 4292 p.
1085 4225 1143 4277 277,
