2864 4996
708 427 869 448 ..ι-ι*

796 463 802 474 ι

284 578 456 678 'beneficio
500 603 535 660 in
578 615 627 660 me
671 599 850 675 contulisti,
898 604 965 662 tuno
1006 605 1111 664 oestro
1151 593 1266 663 osorito

308 706 469 769 laudanda
504 705 587 770 neibi
620 712 713 787 sunt,
753 706 837 770 Olor.
877 706 961 785 Viri,
996 707 1052 791 qui
1084 706 1267 790 tbeoloqiais

305 813 341 875 in
375 811 547 877 Academia
588 813 800 897 Ultrajeatino
830 816 985 897 praeestis
1021 815 1155 893 studiis,
1195 815 1268 897 qui·

306 939 383 1003 quo,
417 921 627 1006 doqmatieam
659 923 915 1008 qualemcumque
944 923 1071 988 tandm
1097 925 1181 988 inter
1211 941 1269 988 nos

306 1031 532 1096 dissensionem
562 1049 678 1114 parma
710 1037 875 1113 rorantes,
904 1036 942 1094 ut
964 1029 1095 1096 onnes
1110 1030 1189 1114 jure
1211 1033 1269 1096 do-

307 1157 402 1203 narer
434 1158 455 1203 a
490 1136 610 1204 Sernota
638 1145 744 1222 petere
765 1139 851 1204 rualli
872 1137 1054 1204 dubitastis.
1101 1139 1269 1204 Euirnium

308 1248 401 1313 beroe
433 1265 526 1311 oeree
559 1247 766 1313 liberalitatis
798 1249 953 1332 specimen
981 1250 1145 1332 pernreqni
1175 1269 1195 1314 a
1221 1267 1271 1313 me

308 1357 497 1440 aestimari,
519 1356 576 1422 oia
597 1375 676 1442 opus
701 1365 748 1421 est
774 1363 810 1422 ut
833 1357 944 1422 diuam
992 1357 1187 1422 ooeunuuo
1208 1358 1269 1436 sit,

308 1484 498 1549 quamquam
531 1463 663 1549 eniquo,
693 1467 794 1550 quod,
816 1467 908 1530 uenia
930 1464 1014 1532 mibi
1034 1466 1131 1546 dota,
1154 1463 1272 1530 librum

310 1571 425 1638 bunone
449 1571 538 1637 uobis
563 1571 723 1658 aetnaei,
745 1576 882 1658 atroque
905 1574 1003 1640 simul
1025 1579 1160 1638 testatus
1183 1591 1272 1657 sum,
1308 1653 1317 1668 .

265 1763 269 1774 .
308 1679 394 1745 nibil
429 1699 567 1765 anquam
600 1681 724 1766 qratius
756 1681 841 1747 mibi
871 1702 938 1748 esse
971 1681 1140 1766 futurum,
1177 1699 1273 1766 quam

308 1796 412 1854 oestro
446 1788 606 1876 ampitio,
640 1790 787 1875 uobisque
821 1791 969 1874 turibus,
1001 1809 1093 1878 quem
1118 1787 1203 1858 mibi
1224 1793 1273 1857 in·

307 1899 440 1966 dicastis
472 1899 634 1966 doetrinae
665 1901 830 1966 tramitem
863 1909 990 1966 strenue
1018 1903 1115 1986 sequi.
1162 1897 1271 1982 Quen

307 2027 379 2074 oum
412 2009 505 2075 lunae
537 2009 772 2093 opportunitate
803 2009 929 2092 pabtloe
962 2029 983 2073 e
1018 2027 1068 2072 mr
1097 2005 1273 2092 siqnifioari

307 2119 448 2200 potuisse
469 2119 643 2202 qouteam,
664 2135 805 2182 seorsum
828 2117 959 2199 denoque
982 2123 1017 2179 tu
1037 2114 1121 2181 mibi
1137 2117 1271 2200 caumel-

310 2227 425 2290 lantus
459 2245 508 2306 es,
544 2225 713 2291 Promotor
742 2226 1028 2308 aestumatissime,
1065 2215 1148 2289 Olor.
1175 2221 1271 2312 Roy-

311 2331 443 2402 oordsl
495 2329 619 2398 Desunt
647 2331 731 2397 mibi
756 2333 869 2416 aerbo,
893 2353 973 2418 quoe
998 2334 1079 2399 satls
1095 2329 1191 2416 justo
1215 2355 1272 2402 eu·

308 2443 469 2526 priorem,
494 2463 590 2527 quarn
616 2443 735 2528 epreqie
761 2449 796 2506 tu
820 2439 981 2528 imprimes
1005 2443 1044 2508 de
1066 2463 1116 2507 noe
1137 2445 1183 2508 sis
1204 2464 1270 2508 are·

310 2551 409 2636 ritus,
424 2550 553 2636 'nunilo'o
574 2549 658 2617 mibi
678 2553 713 2618 in
736 2551 833 2638 bajus
851 2553 1031 2638 speciminis
1048 2548 1269 2630 ronrpositioue

307 2663 517 2746 praestando,
540 2659 744 2746 pluribusque
766 2659 930 2726 laboribus
950 2662 985 2724 in
1005 2673 1108 2720 meam
1127 2654 1267 2736 qratiam

310 2769 536 2856 suscipiendis,
560 2768 690 2856 quibas,
714 2769 745 2834 si
768 2770 875 2834 nunus
900 2765 975 2829 bene
991 2759 1075 2824 milri
1095 2761 1266 2848 capiimus,
1345 2761 1347 2768 '

307 2876 452 2960 proferto
482 2861 544 2942 non
573 2883 664 2942 tanto
698 2875 897 2940 humanitate
932 2875 1026 2951 etque
1051 2865 1268 2936 benevolentia

308 2985 536 3070 perfuncturus
560 2986 688 3069 luisses.
733 2981 846 3065 Aoorpe
867 2973 985 3062 iqitur,
1006 3011 1047 3024 --
1068 2996 1144 3042 nam
1168 2977 1269 3044 aliam

308 3113 367 3179 pro
404 3094 504 3162 tontis
536 3095 660 3161 meritis
691 3089 863 3158 mnoedem
897 3083 1036 3154 tribuere
1066 3087 1149 3154 aines
1173 3105 1270 3183 ¹eneas

213 3223 216 3232 ·
310 3210 457 3288 superat,
489 3240 530 3252 -
562 3207 666 3290 arripe
694 3195 875 3282 qratissi'mi
898 3198 963 3262 mei
986 3195 1088 3263 enirni
1113 3197 1269 3262 simeram

312 3309 426 3380 bonnae
456 3312 604 3399 piamque
638 3303 923 3392 ειῃπὲίῖσαεὶωισω,
951 3307 1108 3392 sineulque
1130 3305 1268 3390 memis-

309 3439 399 3504 sum,
431 3441 500 3508 rue,
531 3423 608 3486 olum
639 3416 764 3499 airam,
790 3435 951 3502 uuquam
976 3416 1179 3479 innreororem
1202 3432 1269 3480 esse

309 3529 460 3613 saturum
480 3525 622 3614 obsequii
641 3526 723 3612 qaod
744 3519 827 3590 mibi
847 3521 1058 3607 praestitisti,
1076 3521 1169 3608 idque
1187 3541 1269 3588 sera-

306 3659 364 3723 per
396 3640 583 3706 adnisurum
615 3654 701 3720 esse,
732 3637 768 3696 at
797 3634 832 3697 ia
854 3631 922 3696 tus
944 3632 1046 3716 moqis
1067 3640 1196 3716 pateat,
1217 3651 1268 3696 me

310 3747 411 3817 tontis
445 3743 635 3826 bonoribus,
663 3748 797 3827 quantos
825 3741 923 3805 etiarn
958 3747 1014 3804 tuo
1039 3760 1133 3826 opera
1159 3729 1194 3804 in
1217 3759 1267 3806 me

308 3856 441 3922 collatos
470 3855 578 3932 uideo,
604 3871 666 3917 nou
687 3852 783 3937 plane
805 3849 968 3933 intiqnum
989 3867 1056 3913 esse
1078 3846 1264 3913 babendum.

350 4103 460 4186 scapo
483 4061 552 4168 snos
574 4101 639 4170 aa.
662 4103 732 4170 so..
749 4099 993 4171 nooocxmx.
