2812 4992
743 377 924 438 -ltt-

351 580 438 646 litt
461 578 655 660 exhibentur,
673 576 946 664 eontemplendase
960 579 1112 646 eontentit.
1133 577 1180 644 llll
1200 583 1311 647 verusi-

351 710 451 790 milies
484 709 592 792 igitur,
624 727 716 794 quam
752 705 834 794 qnod
868 725 922 786 ea,
957 726 1034 794 quae
1064 707 1172 774 abhine
1196 709 1315 780 silentio

352 840 553 924 praetermissa
581 839 619 904 ab
647 839 697 903 illo
724 837 877 922 ridemus,
899 839 929 902 in
953 835 1063 906 Codiee
1081 838 1241 905 ldareionis
1261 839 1317 904 de·

351 968 469 1036 luerint.
514 968 631 1034 Certim
652 969 763 1052 etiam,
786 969 885 1036 omnir
908 967 1016 1054 quibm
1042 966 1118 1054 Gap.
1139 968 1194 1034 lll.
1216 967 1316 1034 nura·

351 1100 432 1164 hami
470 1101 582 1166 mentio
603 1101 655 1177 tit,
679 1117 696 1164 a
722 1097 873 1165 Marcione
894 1096 983 1164 lniue
1006 1097 1147 1181 anhleta,
1166 1097 1315 1184 siquidem

246 1193 249 1204 ¹
352 1229 408 1296 hoo
441 1229 639 1304 disertissimis
671 1227 896 1294 Tertulliani
930 1227 1026 1292 verbis
1054 1227 1215 1313 probetur,
1239 1247 1315 1312 qnae

354 1358 392 1424 de
412 1357 477 1423 Gal.
501 1358 551 1424 Ν.
576 1358 619 1422 99
642 1377 706 1442 sqq.
730 1365 848 1424 aeturus
870 1357 1003 1442 scripsit:
1030 1353 1123 1422 »Sed
1146 1367 1180 1424 ut
1201 1357 1315 1424 luridus
1394 1405 1396 1422 ι

354 1515 369 1546 ι
387 1488 461 1556 solet
494 1486 606 1572 aliquid
643 1485 777 1553 exeidere
814 1487 852 1552 de
886 1485 995 1571 preeda
1031 1485 1312 1571 inindieium,.ita

354 1647 369 1676 ι
386 1617 476 1684 eredo
502 1628 532 1682 et
557 1617 740 1684 Marcionem
760 1618 950 1684 novissimam
972 1615 1108 1682 Abrahm
1129 1618 1309 1686 mentionem

355 1750 433 1832 (eam
471 1748 532 1812 soil.
568 1765 645 1832 quae
679 1748 708 1812 h.
734 1747 753 1810 l.
778 1747 915 1833 oeonrrit)
938 1773 954 1804 n
970 1744 1179 1832 dereliquisse,
1201 1747 1304 1814 nullan

355 1905 370 1936 o
389 1880 484 1961 magia
515 1877 727 1959 emerendam,
763 1877 817 1942 etsi
851 1895 888 1940 ex
921 1884 1005 1963 parte
1038 1876 1208 1944 eonraraio”
1267 1875 1306 1944 se

355 2011 436 2074 enim
457 2009 583 2074 seribere
606 2008 727 2073 omnino
749 2024 808 2073 non
832 2007 948 2091 potuit,
969 2006 1025 2071 nisi
1051 2009 1306 2092 componemus·

249 2142 252 2146 ’
355 2140 470 2222 lauant,
503 2137 684 2204 Marcionem
720 2155 773 2214 ea,
811 2155 888 2221 quae
923 2137 955 2200 in
981 2135 1235 2204 anteeedentiloua
1267 2137 1304 2202 de

355 2269 524 2336 Abrahamo
553 2267 737 2352 ¹foedereque
770 2286 841 2332 eum
878 2285 913 2334 eo
944 2274 1031 2351 paeto
1057 2265 1136 2332 dieta
1157 2273 1246 2332 assent
1264 2265 1300 2330 de

355 2396 455 2466 oedioa
479 2417 533 2465 sno
554 2399 692 2479 erasisse3
714 2415 752 2462 ne
774 2395 1007 2480 dieam,.r1uam
1029 2413 1139 2464 norum
1157 2399 1230 2462 haee
1246 2397 1305 2482 ipae

355 2529 441 2606 rerba
472 2529 557 2595 nobis
579 2527 740 2612 praebeant
762 2527 887 2590 leuitatis
909 2524 1077 2608 inditium,
1098 2547 1157 2614 qun
1182 2526 1307 2602 Marcion

354 2661 385 2722 in
407 2678 430 2722 s.
450 2659 610 2741 seripturae
633 2673 720 2720 sensu
739 2675 761 2720 a
785 2653 961 2720 inmutando
983 2675 1006 2718 s.
1029 2655 1230 2723 eonrertendo
1252 2675 1304 2720 aar·

355 2797 435 2852 satus
460 2795 503 2852 eet
528 2787 581 2870 (l).

384 3054 420 3122 (1)
436 3056 557 3112 Pmrnoet
579 3053 682 3120 quidem
705 3053 824 3102 Benrua
846 3053 878 3104 ad
902 3053 1098 3106 Tertulliani
1125 3057 1225 3106 dietum
1249 3071 1307 3124 anor.

352 3141 432 3204 laud,
449 3147 492 3204 nt,
508 3156 583 3207 quarn
598 3155 685 3206 parum
701 3139 810 3188 confusia
826 3140 882 3204 ejus
897 3139 1104 3205 disputationibus
1120 3141 1209 3206 proliei
1229 3143 1308 3202 lieeet,

352 3227 474 3278 ostendat.
508 3241 521 3275 a
539 3226 596 3276 llier
619 3226 670 3276 aleo
687 3224 754 3293 illel:
766 3225 809 3276 tv.
825 3223 867 3292 22)
884 3251 915 3264 -
932 3225 1104 3291 inquit-tntae
1116 3227 1227 3279 larelon
1241 3229 1265 3278 iu
1276 3230 1309 3293 je·

354 3327 367 3358 »
386 3313 443 3362 dem
464 3313 530 3364 Folle
551 3313 591 3362 dio
607 3314 700 3363 mentio
714 3312 826 3363 Abrahae
842 3313 929 3363 etelren
946 3313 1071 3378 geleeeeu,
1088 3333 1121 3356 ο
1135 3329 1224 3378 woan,
1241 3329 1309 3366 naun

355 3413 368 3444 a
386 3398 421 3446 aie
436 3398 487 3447 ihm
504 3399 645 3463 riberlruupt
661 3413 688 3448 ao
702 3400 812 3450 auwidea
828 3399 898 3450 war?
914 3400 966 3449 und
982 3415 1053 3450 woeu
1069 3402 1222 3452 eonverlirte
1237 3419 1265 3453 er
1278 3401 1309 3450 aia

354 3484 450 3534 »doeh
476 3482 569 3532 wieder
591 3497 647 3532 aum
669 3483 752 3547 Tlreil‚
778 3499 851 3534 wenn
875 3501 903 3535 er
926 3487 961 3536 aie
977 3486 1119 3554 dbarhanpt
1133 3488 1223 3538 slehen
1239 3485 1309 3540 liutai

353 3588 366 3620 a
385 3571 444 3622 llell
460 3585 488 3620 er
497 3565 558 3620 atah
574 3570 633 3620 aber
648 3575 713 3620 etna
728 3572 797 3635 lnior,
813 3573 862 3622 wie
877 3573 1087 3639 Hieronymus
1103 3591 1134 3625 au
1150 3575 1203 3627 Gal.
1220 3575 1265 3626 IV.
1279 3570 1310 3623 24
1393 3629 1394 3642 ἵ

353 3676 366 3708 a
385 3675 434 3710 rou
449 3659 556 3709 lereieu
572 3659 624 3709 und
640 3657 821 3708 llanielriua
837 3658 988 3723 behauptet,
1002 3661 1083 3710 durolr
1097 3661 1137 3712 die
1150 3660 1310 3726 allegoriando
1393 3647 1394 3694 Ϊ

354 3763 367 3796 o
385 3747 538 3811 llrllirung,
560 3761 588 3796 ae
612 3747 704 3817 lonnta
727 3761 755 3795 er
766 3746 794 3810 ja
808 3745 873 3794 auela
889 3749 958 3795 sonat
974 3762 1023 3796 rou
1040 3747 1169 3799 dereelben
1185 3745 1309 3799 nuatum

354 3833 516 3886 »Gebrenela
539 3833 651 3884 melnen.
685 3828 751 3882 liure
774 3847 801 3881 ee
820 3832 852 3882 iat
868 3826 994 3882 durulnue
1009 3833 1168 3898 nemezion,
1183 3847 1230 3884 oua
1246 3833 1309 3882 'l'er-

354 3921 523 3970 atnllian’a
547 3933 646 3982 regem,
671 3915 813 3978 unlrlerem,
839 3917 915 3982 rdllig
939 3919 1169 3970 unmellaediteheua
1186 3920 1245 3969 lliu-
1258 3916 1308 3966 und

354 4006 508 4057 ellonem
531 4005 584 4053 einh
607 4019 638 4052 au
660 4002 825 4065 abatnlriren,
850 4004 927 4052 werin
949 4003 1015 4053 deun
1030 4005 1071 4054 dle
1086 4005 1266 4070 ongebliuhem
1282 4017 1307 4052 oo

354 4109 367 4142 o
385 4091 560 4157 ganatoamee
574 4088 788 4141 mmoiouitiselnen
803 4087 1215 4154 l'axtreraiuderungenbaeleuden
1228 4089 1307 4138 tuter

353 4197 367 4228 a
385 4178 490 4229 sellen.”
507 4175 535 4242 (l.
550 4175 568 4225 l.
583 4191 609 4240 p.
625 4173 682 4224 414.
701 4199 743 4217 -
761 4176 796 4224 nt
815 4175 877 4240 qnid
901 4177 948 4226 lrae
964 4177 1017 4241 ipen
1033 4174 1188 4226 llauriana
1201 4173 1305 4225 animad-

353 4266 463 4318 versione
487 4265 594 4314 mullum
617 4261 790 4328 proficiamne,
815 4261 930 4328 equidem
954 4277 1004 4310 non
1028 4260 1107 4312 rideo.
1131 4259 1306 4312 ›tertultia-
