2812 4992
722 401 933 461 -122-

332 597 519 682 paulinorum
551 599 741 682 epistolarum
773 599 852 681 inei,
884 615 1013 682 quorum
1040 597 1203 666 diffisum
1229 593 1296 664 Ἠ
1388 591 1394 626 t

334 730 409 792 varia
433 729 578 808 teodone,
601 749 624 794 s.
649 748 665 794 e
688 729 793 796 calami
820 732 907 807 vitio,
932 748 1003 796 oum
1024 729 1164 814 expiioari
1186 746 1298 813 posse,

333 867 399 922 tum
422 877 519 928 revera
540 859 749 943 oapiioaudum
772 879 835 924 eme
852 859 955 924 statuit
977 858 1223 922 Ritsohelius
1239 859 1297 942 (t).
1393 863 1394 891 t

333 987 379 1050 Do
412 989 457 1051 his
480 979 589 1070 igitur,
623 989 705 1073 quod
737 991 853 1070 sentio,
887 987 1299 1074 disrumperemus

335 1117 480 1200 eitumodi
507 1117 733 1203 explicationem
757 1119 915 1184 admittere
940 1117 1053 1199 fateor,
1073 1118 1174 1202 plnres
1196 1125 1299 1182 tamen
1391 1114 1392 1148 ³

327 1224 377 1314 ¹sio
403 1247 532 1324 habete,
565 1257 599 1314 ut
630 1249 764 1316 eonmlto
802 1251 901 1332 potius
933 1249 1123 1312 immutatio
1149 1247 1300 1322 Marcione

336 1375 512 1459 videantur,
534 1377 689 1444 contendo.
735 1377 801 1458 Quo
821 1379 968 1470 imprimis
984 1379 1095 1443 refero:
1119 1379 1262 1443 &Thess
1277 1379 1298 1440 i.

338 1506 1320 1591 8‚dpo.11.20‚111.9‚v1.a,quioustoeisnmveror

338 1637 457 1718 solum,
479 1635 531 1702 sed
553 1638 652 1722 ipsum
674 1656 793 1704 sensum
816 1639 855 1701 ita
879 1637 998 1701 differre
1024 1635 1179 1719 ridemus,
1201 1646 1238 1701 nt
1256 1635 1298 1699 di·

339 1785 435 1848 versa,
457 1786 549 1850 quam
576 1766 656 1852 apud
678 1767 860 1832 Marcionem
883 1765 1079 1848 offendimus,
1101 1767 1190 1832 lectio
1208 1767 1298 1831 mutto

341 1897 459 1981 aptius,
482 1915 573 1980 quam
592 1906 709 1982 reoepta
722 1943 732 1980 ‚
745 1899 909 1963 haeretioae
932 1900 996 1981 ejus
1018 1896 1169 1964 doetrinae
1180 1914 1297 1982 respon

340 2026 417 2092 deat.
465 2025 551 2095 Certo
574 2028 705 2096 multum
729 2029 832 2110 abest,
855 2035 889 2092 ut
910 2045 980 2092 eum
1007 2027 1134 2092 Bauro
1165 2035 1197 2090 et
1223 2027 1296 2090 Rit-

342 2157 489 2222 sohelio
517 2157 646 2239 singutas
673 2159 760 2224 hasee
783 2157 985 2240 diversitates,
1008 2157 1206 2241 undeounque
1232 2157 1291 2222 tan'-

342 2285 412 2353 dem
432 2287 613 2372 repetendae
631 2289 708 2370 sint,
730 2314 745 2344 s
764 2287 929 2370 fortuitas‚”
950 2314 965 2346 s
984 2287 1067 2351 undio
1089 2287 1184 2354 studio
1204 2303 1289 2370 quae·

342 2418 410 2482 sitas
419 2417 445 2497 ‚''
467 2445 481 2474 s
501 2437 597 2502 neque
619 2419 718 2500 magni
741 2417 895 2503 penderis
917 2419 1136 2503 appellaverim.

389 2547 509 2613 Etiamsi
533 2567 599 2616 rem
630 2549 733 2618 mistos
766 2550 820 2614 hos
851 2550 930 2613 loeos
961 2547 1125 2624 iaciamus,
1147 2552 1305 2631 supersunt

346 2687 445 2746 tamon
473 2677 559 2746 multi
590 2679 661 2759 alii,
691 2697 819 2762 quorum
851 2677 1076 2763 discrepantiam
1102 2695 1120 2740 o
1142 2676 1223 2740 raaia
1248 2676 1301 2738 iee-

344 2809 425 2874 tioue
448 2817 500 2874 aut
521 2808 610 2874 simili
629 2808 759 2892 quadarn
783 2827 868 2874 eausa
898 2807 979 2872 haud
1004 2806 1089 2872 faede
1120 2806 1301 2891 explieuerio.

345 2933 497 3008 Subtatmi
512 2939 626 3022 igitur,
647 2947 793 3022 quantum
817 2938 849 3004 id
873 2939 937 3004 tisri
959 2945 1079 3024 posset,
1101 2935 1209 3000 exinde
1233 2943 1304 3001 ortas

346 3068 575 3160 difficultates,
595 3069 752 3138 Marcionis
785 3071 902 3154 patroni
935 3071 1012 3136 aiam
1043 3069 1192 3149 inierunt,
1219 3082 1304 3150 quam

347 3218 434 3285 supra
470 3199 562 3265 insius
587 3200 677 3286 panio
707 3199 915 3285 descripsimus
940 3199 1003 3281 (2).
1050 3197 1159 3262 Utrum
1185 3213 1305 3282 seopum

274 3375 279 3388 .
349 3345 469 3411 quoquo
505 3330 633 3410 attigisse
671 3328 788 3394 dioeudi
828 3331 910 3410 sint,
947 3328 978 3389 iu
1016 3326 1116 3391 medio
1161 3326 1307 3408 relinqua·

348 3466 419 3539 tur,
442 3457 537 3523 donee
560 3457 597 3520 de
621 3459 771 3542 singuiis„
787 3458 896 3542 quibus
917 3459 961 3521 usi
986 3466 1074 3539 suut,
1092 3455 1306 3538 argumentis,

349 3589 437 3671 quate
464 3587 611 3671 judicium
644 3589 712 3654 ferri
749 3596 925 3673 opporteat,
952 3587 1117 3652 aoeuratius
1150 3587 1241 3672 paulo
1254 3575 1257 3586 ’
1270 3585 1309 3648 ri·

349 3719 487 3784 desimus.

395 3846 498 3931 Spreta
539 3849 711 3912 auctoritate
744 3847 992 3932 Hieronymi,
1026 3848 1126 3912 ionum
1159 3846 1224 3912 Gai.
1259 3843 1307 3907 111.

353 3978 434 4040 7-9
468 3998 484 4040 a
520 3978 668 4044 Marcione
703 3977 790 4046 ruisse
824 3979 967 4048 ominum
1001 3977 1108 4046 diserte
1139 3975 1310 4042 affirmantis

386 4157 426 4250 (1)Ι
438 4184 492 4234 vid.
510 4201 583 4250 supra
602 4201 625 4249 p.
642 4184 682 4238 87.

386 4271 420 4338 (2)
438 4273 493 4336 rag.
511 4272 555 4322 89³
573 4289 615 4334 qq.
