2812 4992
727 389 908 453 -106-

336 597 438 654 menta
458 587 564 653 exinde
581 588 717 674 depromi
738 589 823 673 iioet,
843 589 953 673 quibus
972 587 1011 653 de
1023 585 1294 674 nojmreireritrtr

337 719 460 782 tirmiter
488 718 573 783 nobis
596 715 817 802 persuadeatur.
862 717 930 800 Quo
958 718 1105 803 pertinet,
1128 715 1213 800 quod
1233 719 1296 802 ipse

334 873 366 919 so
387 855 527 936 distingui
549 855 588 919 ab
612 855 648 918 iis
668 853 750 936 uolt,
772 853 825 936 qui
848 852 910 922 ἀπ’
932 853 1034 936 ἀρχῆς
1054 849 1218 920 αὐτόπται
1239 849 1293 918 eoi

335 996 564 1080 dunelmuni
590 995 689 1074 λόγου
717 995 855 1077 inerunt,
877 993 916 1058 ab
942 992 1176 1078 Apostoiisnon
1200 992 1295 1058 sotum

333 1126 441 1209 igitur,
474 1125 527 1190 sed
559 1126 597 1189 ab
619 1125 655 1190 iis
677 1143 817 1209 quoque,
844 1127 915 1209 qui,
938 1133 973 1190 ut
993 1124 1111 1190 Marons
1132 1133 1163 1190 et
1184 1125 1296 1208 tuos,

334 1254 543 1338 Apostolorum
563 1257 594 1319 in
612 1253 810 1339 praedicando
830 1253 978 1340 adjutores
997 1255 1296 1342 seseproestiternnt3

334 1386 463 1469 pertinet
495 1403 564 1450 rero
596 1385 763 1468 imprimis,
796 1383 878 1470 qnod
911 1384 1051 1466 distingui
1081 1386 1174 1450 otium
1196 1385 1295 1450 uuita

334 1519 570 1596 ueteratorie,
596 1515 648 1598 qul
671 1519 883 1602 ἐπεχείρησαν
906 1515 1134 1600 ὶνατάξασθαι
1155 1520 1298 1598 διήγησιν

335 1653 409 1736 περὶ
448 1657 510 1720 ror
546 1651 871 1737 πεπληροφορημένων
903 1653 935 1718 ἐν
969 1653 1045 1734 ἡμῖν
1078 1651 1300 1736 πραγμάτων,

337 1799 432 1864 quum
464 1779 557 1845 taoilis
590 1780 660 1846 inde
695 1781 842 1847 oonoiusio
876 1780 933 1863 sit,
964 1783 1029 1865 jam
1063 1781 1132 1844 satis
1166 1780 1300 1876 amplam

335 1911 511 1996 seriproruro
545 1911 785 1993 euangelioorum
815 1911 932 1994 copiam
955 1909 1082 1975 auotoris
1102 1909 1196 1974 nostri
1223 1919 1300 1974 tem-

337 2040 460 2125 poribm
485 2048 599 2106 exstare
621 2040 776 2122 debuisse3
798 2057 971 2124 quumque,
995 2037 1077 2122 quod
1098 2037 1179 2103 haud
1203 2040 1297 2104 mino·

338 2171 378 2234 ris
409 2169 547 2256 ponderis
580 2171 637 2235 troo
667 2171 699 2234 in
736 2187 767 2235 ro
801 2169 934 2244 ridetur,
957 2167 1065 2235 exinde
1087 2186 1208 2252 quoque
1227 2185 1292 2252 pro·

338 2299 465 2363 habilius
492 2299 561 2383 fiat,
592 2317 683 2382 enm,
713 2307 829 2385 praeter
852 2298 995 2364 Matthaei
1024 2304 1056 2364 et
1082 2297 1175 2364 Marsi
1197 2297 1290 2360 Euan·

339 2428 437 2511 petia,
469 2429 560 2493 etiam
589 2428 622 2494 id
648 2427 731 2513 qnod
756 2429 921 2496 Maroiouis·
946 2431 1082 2510 rodatur,
1111 2437 1144 2492 et
1177 2425 1298 2513 oporte

338 2558 436 2624 lorum
457 2559 578 2644 insuper
600 2557 674 2622 Aeta
697 2559 805 2642 seripta
824 2559 974 2643 reperisse.
1005 2556 1202 2640 ceteroquin,
1225 2575 1300 2640 quo-

339 2694 431 2760 modo
451 2693 489 2758 de
511 2694 656 2776 notorie,
681 2695 733 2776 qui
756 2675 900 2771 irionem
930 2693 1138 2776 Euangelioam
1172 2690 1301 2760 dourri-

339 2833 456 2914 ξασθαι
482 2833 692 2916 ἐπεχείρησαν
721 2849 817 2899 serum
845 2832 882 2897 ab
904 2833 955 2899 iliu
978 2833 1041 2898 fieri
1063 2835 1226 2920 potuisset,
1248 2831 1301 2896 nisi

339 2962 424 3047 plura
458 2962 574 3029 duobus
606 2963 668 3026 istis
700 2963 842 3028 Matthaei
872 2973 902 3029 et
929 2963 1020 3030 Marci
1044 2966 1212 3049 Euangeiiis
1234 2967 1300 3031 seri·

340 3089 438 3157 beodo
472 3093 669 3178 respexisset?
712 3091 869 3174 Quomodo
904 3103 1025 3179 autem,
1058 3097 1083 3160 si
1115 3096 1220 3182 pinra,
1243 3115 1300 3163 non

340 3219 497 3286 Marcionis
529 3221 677 3307 imprimis
710 3225 902 3309 respexisset,
931 3244 1027 3309 quum
1053 3233 1174 3309 minen,
1196 3229 1221 3290 si
1246 3227 1301 3290 alia

340 3349 435 3414 muita
467 3359 585 3436 praeter
617 3353 707 3418 hoooe
736 3355 802 3438 jam
836 3361 908 3419 tune
941 3355 1084 3441 temporis
1106 3357 1303 3438 exstitissent,

339 3481 504 3567 permirum
537 3499 607 3546 sane
638 3479 731 3566 foret,
760 3483 876 3548 nuttam
898 3501 1002 3550 eorum
1024 3485 1161 3550 notitiam
1184 3484 1224 3550 ad
1248 3503 1303 3552 nus

338 3611 526 3696 peruenisse?
568 3611 733 3677 Difficultas
760 3615 888 3695 iraeooo,
917 3614 960 3678 nti
984 3613 1118 3699 ridetur,
1141 3615 1196 3680 nisi
1223 3615 1305 3682 toto-

338 3747 406 3822 tnr,
434 3741 575 3806 minuitur
603 3740 727 3824 saitem,
753 3743 777 3805 si
800 3749 983 3828 statuamus,
1005 3743 1087 3827 quod
1112 3747 1231 3810 summa
1259 3745 1304 3809 si·

338 3869 403 3936 mni
436 3889 470 3936 ao
502 3872 586 3955 quasi
619 3857 732 3936 iruotns
764 3872 854 3937 totius
884 3874 975 3957 hujus
1006 3871 1212 3960 disputationis
1234 3883 1303 3952 est,

335 3997 517 4070 Marcionem
551 4001 699 4066 vetustiori
733 3999 863 4086 quodam
893 3999 1054 4086 Euangeiio
1078 4024 1167 4070 nsum
1189 4001 1307 4088 inisse,

196 4119 200 4134 '
336 4128 416 4220 qnod
435 4125 545 4196 deinde
561 4128 696 4216 pluribus
713 4130 924 4199 additamentis
946 4141 1068 4202 anuum
1090 4135 1121 4198 in
1141 4153 1208 4200 eam
1228 4143 1301 4202 tan-
