2864 4996
738 377 899 436 *⁰16⁶*

340 578 442 660 afuit
477 578 580 662 ipsum
614 596 725 662 eorpus
763 587 910 648 molere.
955 581 992 644 lit
1025 597 1142 664 possem
1169 582 1216 646 hio
1236 585 1302 666 jam

341 707 503 790 »gradum
526 710 638 791 figere,
671 727 732 774 non
757 709 980 791 agnososndum
1002 710 1183 776 oontondeas
1206 729 1304 796 opus,

340 864 355 895 s
374 837 455 922 qnod
474 857 532 904 non
554 840 648 920 erigat
668 837 818 921 ironiam,
850 840 932 922 quod
965 839 1079 906 nullam
1104 842 1303 907 ooustsntiam

340 969 538 1055 sponsistat,
574 968 688 1034 nullam
720 967 814 1034 fidem
835 971 1023 1053 repromittat
1045 969 1084 1035 de
1113 970 1302 1054 plenitudino

339 1125 354 1156 ι
373 1100 451 1164 tituli
472 1107 503 1164 at
526 1098 705 1182 professione
730 1098 831 1164 debila
854 1102 989 1165 auotoris.
1035 1098 1097 1166 Sed
1120 1119 1172 1185 per
1202 1103 1304 1166 omnis

340 1255 354 1285 a
373 1228 512 1310 oongrodi
529 1229 712 1311 maluimus,
729 1247 785 1294 noo
803 1228 1024 1294 dissimulamus
1041 1230 1122 1314 quod
1140 1249 1178 1296 ex
1202 1239 1304 1296 nostro

341 1385 355 1415 a
373 1358 497 1440 intelligi
515 1367 621 1444 potest.
666 1358 743 1424 llam
760 1377 801 1422 oo
822 1360 866 1424 iis
887 1360 1208 1443 eommmrotertous,
1224 1377 1303 1444 qnos

341 1516 355 1544 »ι
375 1488 526 1554 debemus
536 1536 547 1572 ,
557 1490 676 1554 nocam
693 1489 818 1554 videtur
830 1489 877 1574 (l)
893 1491 1038 1554 Moroioo
1051 1490 1198 1574 sisoim,
1210 1509 1301 1572 prmo

344 1645 357 1676 ι
374 1617 542 1686 οαοάονοι.”
563 1619 680 1684 ibidem
700 1617 773 1704 Cap.
790 1619 830 1683 tv
843 1619 905 1705 (2);
928 1647 942 1676 ι
962 1619 1023 1700 Ego
1037 1638 1143 1685 meum
1157 1621 1306 1703 (Euange-

343 1777 357 1804 »
377 1748 462 1833 lium)
484 1749 549 1814 dieo
572 1767 694 1831 rernm,
716 1749 846 1815 liasoion
868 1769 966 1816 soum.
998 1749 1059 1832 ose
1084 1750 1241 1816 llsroionis
1262 1751 1306 1814 at·

343 1907 357 1936 υ
378 1880 464 1946 firmo
489 1879 711 1962 adulteratum,
733 1879 864 1945 dlaroion
894 1899 1007 1946 meum.
1053 1879 1127 1960 Quis
1150 1881 1228 1946 iuter
1252 1899 1307 1946 nos
1425 1915 1426 1920 κ

344 2017 362 2066 ν’
376 2009 607 2092 determinabit,
625 2011 681 2074 nisi
698 2012 840 2096 temporis
855 2012 930 2076 ratio
941 2058 952 2093 ,
963 2012 990 2076 ei
1006 2011 1209 2096 praescribens
1231 2027 1305 2079 tuo·

343 2168 358 2197 a
377 2143 548 2222 toritatem,
574 2139 656 2222 quod
674 2141 825 2222 antiquius
846 2141 1031 2224 reperietur,
1051 2150 1081 2203 et
1104 2143 1130 2204 ei
1153 2139 1307 2225 praejudi-

344 2298 359 2326 ι»
373 2289 444 2334 orus
464 2270 668 2349 vitiationem,
685 2266 766 2350 quod
784 2269 929 2351 posterius
947 2269 1133 2334 rerinoetur?
1155 2271 1190 2334 ln
1205 2289 1304 2353 qusn-

345 2428 359 2457 s
376 2407 443 2464 tum
464 2400 545 2462 onim
568 2397 674 2462 salsum
693 2398 841 2482 eorruptio
859 2405 903 2462 est
923 2399 1004 2479 reri,
1026 2399 1057 2461 in
1077 2407 1194 2462 tantum
1220 2417 1309 2484 prae-

345 2557 361 2586 »
378 2527 466 2594 sedat
497 2546 613 2592 neeesse
646 2535 690 2590 ost
725 2527 829 2590 soritas
861 2524 995 2590 ialsum.’'
1024 2563 1066 2576 -·-
1089 2554 1103 2582 s
1124 2526 1211 2602 Quod
1234 2543 1304 2606 erpo
1425 2549 1426 2554 ¹

345 2685 359 2714 »s
378 2659 504 2742 pertinet
522 2656 560 2720 ad
574 2655 769 2736 Euangelium
785 2654 904 2716 interim
919 2653 1038 2734 Lunae,
1060 2660 1206 2733 quatenus
1221 2669 1306 2718 oom-

345 2787 482 2852 »munio
504 2788 568 2870 ejus
590 2787 666 2848 inter
694 2802 749 2847 nos
777 2790 822 2846 ets
836 2782 1017 2846 llaroionrm
1040 2781 1078 2846 de
1103 2782 1223 2846 veritate
1246 2781 1307 2844 dis·

345 2944 359 2973 s
378 2924 495 3000 ooptat,
520 2914 594 2980 adeo
612 2913 762 2995 antiquins
783 2920 849 2994 ost,
872 2910 953 2994 quod
973 2919 1018 2975 ost
1040 2909 1205 2976 seeundum
1229 2931 1302 2994 nos,

345 3074 359 3103 n
375 3054 408 3114 ot
430 3053 461 3111 ot
485 3046 540 3131 ipsi
564 3044 607 3108 illi
636 3043 767 3109 Marcion
799 3040 958 3125 aliquando
988 3039 1168 3122 oredidorit,
1206 3059 1302 3123 quum

344 3186 406 3242 »ot
427 3177 585 3262 pecuniam
602 3176 633 3239 in
656 3174 752 3260 primo
773 3171 869 3238 oalore
888 3170 958 3236 fidei
980 3171 1140 3238 ostholioao
1160 3172 1302 3236 oeolosiao

346 3307 524 3387 nonnosus,
560 3307 721 3389 projeetam
759 3321 829 3369 mox
865 3319 936 3366 oum
960 3302 1025 3384 ipso
1054 3307 1248 3385 posteaquam
1271 3303 1302 3365 in

345 3435 511 3501 »haeresin
534 3452 619 3498 susm
637 3452 652 3494 a
677 3433 796 3496 veritate
816 3439 913 3494 nostra
928 3426 1057 3494 dosoirit.
1103 3428 1182 3508 Quid
1201 3449 1303 3512 nuno,

378 3723 413 3789 (t)
433 3723 522 3771 Videre·
537 3722 563 3770 h.
588 3719 607 3771 l.
629 3733 679 3767 nnn
701 3717 735 3765 ita
755 3729 810 3765 asse
833 3713 1021 3780 accipiendam,
1045 3729 1076 3768 ao
1098 3721 1119 3767 si
1140 3717 1306 3768 Tertullianus

345 3809 492 3858 Marcionem
505 3808 585 3856 Lucae
598 3803 760 3868 Euangelium
775 3799 883 3850 caedisse
902 3805 1000 3852 tantum
1017 3806 1165 3870 suspiootus
1181 3805 1235 3868 sir,
1248 3819 1305 3854 oon·

345 3901 381 3944 trs
414 3894 607 3943 Loillerum
636 3893 662 3938 et
696 3887 951 3938 Eiolrhornium
983 3889 1096 3955 pluribus
1129 3886 1304 3940 domonstravit

344 3981 516 4042 donnino,
534 3978 552 4029 l.
570 3977 588 4028 Ι.
605 3990 630 4042 p.
646 3975 681 4026 26
695 3991 750 4040 sqq.
766 3996 801 4014 -
818 3975 999 4027 Adsentiuntnr
1011 3977 1035 4026 ai
1046 3975 1214 4036 moenitiorss,
1231 3976 1304 4025 etism

343 4069 403 4134 qui,
429 4065 497 4131 quod
515 4064 546 4114 sd
569 4078 689 4112 summam
711 4063 763 4126 rei,
786 4069 886 4130 apnrts
902 4064 1013 4130 opposita
1037 4066 1104 4112 stant
1127 4063 1179 4113 VV.
1200 4061 1250 4112 llll.
1276 4066 1304 4110 ut

342 4149 615 4212 liitsolralius,l.
632 4149 650 4198 l.
667 4163 691 4214 p.
709 4147 750 4200 22.

376 4239 410 4310 (2)
426 4238 553 4305 ltigol't.
570 4235 669 4304 poor.
703 4238 878 4288 Semlerus
894 4253 919 4302 p.
936 4233 986 4286 162
1003 4249 1056 4299 sqq.
