2834 4996
750 348 932 410 -176-

355 571 379 615 e.
403 551 562 635 scripturae
596 549 627 612 in
661 567 729 616 suos
762 568 831 614 usus
853 546 1098 630 distorqueudum
1122 547 1204 614 hand
1226 517 1349 615 sunc'

357 682 448 762 cisse,
481 681 521 743 ita
557 687 589 744 ut
615 679 663 742 hic
686 677 744 742 iilic
766 680 849 763 quasi
873 677 1044 743 necessitate
1067 677 1199 763 quadam
1222 679 1329 758 delere

358 815 477 874 coactus
509 809 566 890 sit,
600 825 677 892 quae
713 809 856 874 contraria
887 808 941 872 sibi
965 817 995 872 ct
1017 807 1132 894 placitis
1155 810 1217 874 suis
1242 812 1329 876 inre-

357 933 463 1002 nisset·
499 938 553 1022 (t).
605 935 738 1021 Apparet
770 937 898 1020 saitem,
931 938 1030 1004 iocum
1064 937 1158 1003 xxss.
1183 939 1228 1004 42
1259 961 1328 1026 eq.,
1384 913 1385 934 ἶ

359 1076 433 1151 quot
465 1067 560 1132 uerbis
582 1075 714 1150 constat,
744 1074 789 1133 tot
811 1065 871 1131 iere
893 1066 1119 1134 difficultatibus
1141 1072 1266 1153 premi,
1289 1072 1327 1134 si·

359 1197 460 1264 muiac
481 1197 681 1263 Marcionitica
705 1197 817 1263 ratione
840 1199 1025 1282 interpretari
1047 1197 1134 1264 ilium
1157 1207 1327 1283 tentamus,

361 1347 396 1393 ac
428 1328 528 1393 minus
561 1328 652 1392 etiam
682 1324 811 1390 dubitari
833 1334 945 1411 potest,
971 1327 1044 1409 quin
1066 1328 1225 1412 Euangciii
1248 1349 1323 1396 exor-

361 1457 446 1523 dium
473 1456 615 1522 exomni
642 1464 725 1541 parte
746 1458 786 1519 ita
810 1457 846 1520 sit
868 1436 1092 1542 comparatum,
1123 1464 1157 1521 ut
1182 1459 1223 1524 ab
1244 1461 1319 1524 initio
1384 1439 1386 1486 t

362 1607 457 1672 usque
482 1586 520 1652 ad
545 1587 636 1650 tinem
660 1585 817 1651 Marcionis
842 1585 993 1653 doctrinae
1017 1586 1198 1653 adversetur.
1244 1589 1313 1670 Quo·

363 1719 459 1800 circa,
481 1715 622 1800 quicquid
636 1716 715 1781 dicat
737 1713 1031 1798 Schwcglerus,
1055 1720 1306 1802 comparationem,

364 1867 455 1932 quam
490 1848 581 1912 etiam
607 1847 657 1910 hic
682 1847 848 1912 institutam
874 1846 911 1910 ab
933 1865 968 1912 eo
991 1846 1149 1932 ridemus,
1183 1851 1308 1934 nonius·

364 1987 425 2040 tam
449 1994 511 2042 esse
534 1975 704 2040 habendam
728 1993 902 2059 persuasum
926 1977 999 2040 mihi
1023 1985 1067 2042 est
1088 1979 1142 2062 (9).

409 2363 580 2448 Exemplis,
613 2361 652 2427 ad
686 2381 764 2446 quae
791 2358 1039 2444 Schwegierus
1063 2371 1222 2448 prouocat,
1242 2382 1314 2428 secr·

363 2495 419 2558 sim
453 2493 612 2578 spectatis,
646 2490 852 2557 concludimus
875 2492 946 2556 inde
969 2494 1093 2556 minime
1116 2495 1200 2578 sequi
1215 2541 1232 2582 ,Ι
1246 2493 1310 2578 quod

322 2611 327 2632 '
364 2642 395 2688 sc
417 2622 613 2708 probaturum
639 2629 702 2685 erat
724 2622 880 2706 poiiicitus.
927 2619 1051 2706 Saepius
1073 2624 1155 2687 enirn
1179 2624 1303 2696 uidimus,

364 2770 434 2816 eum
469 2758 521 2816 aut
554 2751 632 2816 iocos
665 2751 741 2813 inter
768 2769 798 2814 sc
826 2769 1031 2836 comparasse,
1052 2754 1126 2835 qui,
1152 2762 1258 2840 utpote
1278 2751 1309 2814 ii-

363 2901 460 2947 rersae
484 2881 572 2966 piane
594 2880 723 2962 indolis,
746 2881 828 2946 nulio
857 2881 948 2948 modo
985 2883 1177 2967 comparandi
1218 2891 1313 2956 esseut,

364 3021 417 3078 aut
431 3014 639 3078 immemorem
653 3030 684 3074 sc
697 3011 864 3095 praebuisse
890 3013 1025 3095 rationis,
1048 3033 1106 3095 qua
1129 3015 1159 3077 in
1181 3011 1215 3080 S.
1233 3012 1316 3096 Scrip·

322 3119 323 3127 ἵ
362 3153 428 3208 tura
462 3139 683 3226 interpretanda
718 3140 849 3205 Marcion
883 3143 989 3205 rcrsari
1025 3150 1100 3206 esset
1131 3143 1247 3210 soiitus.
1287 3139 1318 3204 tt

397 3431 432 3498 (1)
449 3431 485 3482 Gi.
501 3445 583 3495 cupra.
601 3428 864 3492 -Oishnurcn,
883 3429 900 3479 l.
918 3430 936 3481 l.
954 3447 979 3497 p.
996 3431 1047 3482 302
1064 3448 1119 3498 sqq.

396 3518 431 3586 (2)
448 3518 500 3584 Qus
516 3517 547 3566 cia
562 3531 590 3566 rc
605 3515 743 3567 mihi'adeo
758 3531 902 3580 persuasum
918 3520 972 3580 est,
997 3522 1027 3566 ut
1049 3517 1090 3567 vel
1112 3517 1222 3569 duorum
1242 3511 1321 3567 hcruru

363 3606 478 3655 iocorum
498 3619 546 3670 upa
556 3603 699 3662 sostendere
722 3617 793 3669 posse
809 3601 871 3654 mihi
886 3601 985 3667 ridear,
1003 3620 1078 3668 quam
1093 3605 1168 3670 longe
1183 3622 1199 3656 a
1215 3618 1274 3658 rere
1288 3602 1321 3651 ris

300 3715 303 3724 =
363 3681 481 3743 erraverit
504 3689 770 3754 snhmlerur,
795 3687 927 3740 scribendo
949 3687 975 3755 (l.
993 3689 1010 3739 l.
1028 3691 1048 3740 1.
1066 3706 1091 3756 p.
1108 3689 1183 3758 272):
1203 3709 1217 3740 s
1237 3689 1322 3740 Gerade

365 3794 379 3828 s
397 3779 437 3828 die
452 3777 575 3827 rtirksten
589 3776 683 3825 Stellen
701 3777 744 3826 des
759 3775 1035 3840 [uiae-Erunpcfiumc
1051 3775 1105 3826 aiud
1122 3793 1163 3840 ec,
1182 3777 1225 3828 dte
1238 3795 1265 3828 er
1280 3777 1322 3826 bei·

368 3883 380 3912 a
399 3864 532 3925 hehulten,
548 3861 600 3911 und
614 3859 639 3909 in
654 3860 732 3910 dieser
747 3861 831 3911 Weiea
847 3860 939 3928 (durch
955 3863 1010 3913 eine
1032 3863 1190 3928 gewaltsume
1212 3861 1320 3930 liregese]

366 3947 563 4004 »nuschidlich
584 3964 615 3997 ru
638 3945 743 3996 macheu
763 3947 870 4012 gesucht
891 3945 953 3998 διν·
965 3966 991 4001 u.
1004 3966 1024 4002 s.
1036 3967 1070 4001 w.
1103 3951 1137 4002 At
1158 3951 1225 4003 enim
1241 3960 1267 4001 et
1286 3944 1320 3997 ulii

365 4033 500 4102 gravissimi
515 4039 574 4085 tunt
590 4030 709 4098 loci‚qui
724 4034 871 4084 sententium
886 4034 952 4086 irunc
967 4053 1013 4100 pro
1029 4043 1176 4091 auctoritate
1189 4040 1263 4088 iatum
1275 4049 1318 4084 om·

366 4122 427 4175 niue
450 4121 615 4188 repellendum
634 4120 749 4169 doceant.
772 4117 913 4183 Cogitemus
930 4121 960 4171 de
977 4122 1018 4173 xl.
1035 4123 1148 4183 29·32;
1165 4118 1232 4176 xm.
1248 4120 1316 4178 1-92

366 4211 413 4270 28,
432 4207 522 4260 xvttt.
537 4203 645 4264 ³1-st;
664 4205 728 4255 xix,
743 4203 848 4256 to-te.
