2834 4996
731 393 914 454 ...lni-

346 615 440 680 aeque
474 596 574 659 minuo
606 611 639 658 ao
673 595 777 658 noteris
802 594 937 679 eJnsdem
961 593 1049 678 plane
1073 592 1187 674 generis
1208 593 1318 676 parni-

345 738 429 791 turm
450 723 552 789 fnisset
572 723 726 806 Marcion,
748 726 771 788 ai
795 725 914 790 oonsilio
939 723 1058 788 ouidam
1083 718 1255 803 dogmatioo
1286 723 1321 784 iu

344 852 534 941 expurgando
570 863 652 918 textu
685 854 936 938 obtemperantem
967 855 1108 935 partim,
1146 852 1215 936 quia
1257 853 1321 936 ipat

343 984 386 1049 itii
419 984 493 1050 libro
525 982 651 1048 defuisse
683 982 831 1066 quaedam
865 983 1040 1064 traduntur,
1083 983 1210 1066 quorum
1247 1000 1322 1045 era-

343 1114 510 1180 dendorum
536 1133 623 1178 nausa
647 1113 728 1178 nnita
751 1114 873 1178 omnino
898 1112 1020 1178 indicari
1047 1120 1152 1197 potest.
1198 1110 1317 1176 Videa-

337 1263 411 1337 mus
431 1243 485 1328 (ί).

388 1373 549 1458 comparat
583 1370 830 1454 Sohwogierus
863 1374 933 1437 Luo.
968 1373 1033 1435 vil.
1070 1371 1221 1453 iit-ii,
1262 1373 1314 1454 qui

206 1493 212 1508 '
342 1506 425 1572 ioous
457 1505 488 1567 in
522 1502 680 1569 Marcionis
712 1502 872 1584 Euangoiio
906 1500 1146 1582 desiderabatur,
1175 1519 1249 1565 cum
1275 1501 1308 1565 V.

344 1633 482 1698 nat-oo.
527 1633 568 1696 At
602 1632 771 1698 observetur
804 1633 944 1714 priorum
969 1631 1058 1714 nujus
1084 1630 1228 1714 postremi
1252 1631 1302 1694 too·

344 1791 384 1836 rs.
397 1769 468 1847 39,
493 1770 544 1833 ubi
568 1768 606 1833 do
628 1767 706 1851 taxi
725 1765 876 1850 portien,
898 1786 988 1851 quam
1005 1767 1073 1832 Lori
1091 1769 1206 1849 pararit
1231 1765 1300 1832 Gon-

344 1901 502 1976 sornatori,
537 1915 633 1962 sermo
655 1905 716 1977 est,
738 1915 755 1958 a
779 1896 1006 1962 Tertulliano
1035 1915 1094 1962 non
1124 1898 1304 1976 memorari,

346 2029 480 2113 adeoque
500 2027 629 2093 dubitari
651 2026 755 2091 saitem
780 2043 883 2110 posse,
905 2035 1005 2092 utrum
1029 2027 1161 2093 Maroion
1176 2028 1246 2092 huie
1270 2047 1306 2092 ra

344 2159 518 2246 poporoorit.
564 2155 652 2236 Quod
671 2173 757 2240 porro
777 2155 815 2219 ad
834 2155 1058 2222 Pharisaeorum
1083 2154 1304 2221 rerba'attinot:

347 2293 401 2362 διὰ
419 2293 452 2360 τί
471 2293 560 2374 μετὰ
580 2296 640 2358 τῶν
661 2295 801 2356 τελωνῶν
824 2289 878 2356 καί
897 2288 1095 2371 ἁμαρτωλῶν
1118 2289 1230 2356 initura
1247 2287 1300 2354 arai

349 2426 478 2514 μίνντε;
514 2426 564 2508 (va.
598 2425 669 2510 50),
703 2424 999 2490 animadvertendnm
1033 2435 1096 2506 est,
1120 2427 1192 2488 hano
1211 2424 1306 2508 potina

348 2553 386 2616 ad
409 2572 534 2630 euram,
559 2575 650 2638 quam
687 2556 774 2620 iesus
805 2555 1032 2639 pubiioanornm
1067 2565 1097 2619 et
1122 2563 1300 2640 pennatorum

348 2683 472 2764 agebat,
505 2701 595 2765 quarn
630 2682 667 2747 ad
696 2684 806 2748 tantam
833 2683 898 2767 ojus
919 2685 1034 2750 uiuendi
1057 2687 1204 2752 rationem
1229 2703 1298 2771 spot·

349 2821 422 2877 tare.
467 2808 629 2878 Summum
657 2833 723 2878 vero
750 2822 813 2895 est,
840 2814 927 2898 piane
964 2814 1093 2878 diversae
1127 2815 1238 2883 indolis
1271 2816 1304 2878 io·

349 2961 399 3008 nos
421 2944 476 3008 han
498 2944 721 3027 opportunitate
755 2940 979 3026 Sohwegloro
1013 2948 1188 3031 eomparari.
1244 2947 1304 3010 Eto-

349 3074 413 3136 nim
446 3090 522 3157 quan
556 3073 626 3137 Luo.
661 3073 727 3136 Vll.
754 3072 881 3137 ne-ott
906 3074 1066 3158 teguntur,
1092 3095 1152 3142 non
1176 3079 1255 3141 hano
1275 3074 1306 3140 ob
1389 3061 1390 3119 ἒ

351 3219 415 3266 rom
438 3201 528 3266 inrisa
551 3201 639 3266 suisne
662 3201 805 3267 Marcioni
828 3203 1020 3269 statuendum
1043 3215 1103 3287 ost,
1127 3207 1210 3290 quod
1231 3208 1308 3272 tosus

352 3337 394 3400 ibi
427 3335 533 3404 ἐσθίων
558 3337 613 3403 καί
639 3335 732 3404 πίνων
756 3342 900 3421 monuit,
932 3340 984 3404 sed
1019 3343 1099 3426 qnod
1129 3343 1308 3428 Baptistam‚

351 3461 441 3544 piano
474 3478 508 3523 ao
532 3459 554 3522 si
579 3457 714 3543 ejusdem
743 3461 881 3526 Numinis
903 3463 1016 3546 legatus
1038 3465 1157 3549 inisset,
1180 3469 1308 3531 sibimet·

351 3592 407 3675 ipsi
434 3588 561 3656 dioendo
584 3591 764 3673 aequiparat.
810 3590 852 3655 At
874 3595 1054 3658 nontrarium
1078 3596 1212 3661 obtinere
1235 3593 1308 3659 nide-
1387 3637 1388 3650 ,

351 3740 419 3786 mna
432 3719 468 3784 V.
485 3719 527 3784 nt
551 3739 632 3803 sqq„
654 3739 748 3803 quum
771 3723 801 3785 h.
827 3723 845 3784 ί.
870 3721 1049 3789 Conorrator
1072 3745 1140 3789 oum
1165 3728 1222 3812 ipsi
1235 3725 1307 3802 sibi,

352 3859 417 3914 turn
452 3849 603 3934 dinoipniis
638 3851 698 3914 suis
732 3853 831 3916 omnia
874 3853 929 3916 aiia
969 3856 1123 3918 eonvenite
1159 3855 1239 3920 dieat
1276 3871 1305 3916 ao

350 3987 458 4054 ioanni
492 3997 522 4052 et
556 3985 679 4052 ioannis
711 3988 825 4051 assooiis
847 4025 887 4036 -
909 3989 954 4052 his
982 4008 1090 4076 nempe
1113 3990 1151 4057 τὸ
1179 3986 1302 4068 aaroni·
1384 3969 1385 3982 ¹

348 4147 414 4207 νιν,
431 4159 467 4174 ·-
484 4125 528 4206 τῷ
553 4124 679 4208 νυμφίῳ
698 4123 754 4190 aa>
775 4129 839 4197 τοῖς
856 4125 934 4198 aloia
951 4130 1007 4194 νοῦ
1025 4129 1187 4206 νυμφῶνος
1208 4129 1300 4191 eontra

352 4258 565 4274 m

383 4323 417 4390 (it
435 4323 470 4374 Cs.
488 4325 518 4373 nd
536 4324 891 4390 eeq,Sehwegter,1.1.
909 4329 929 4378 1.
948 4345 971 4394 p.
990 4329 1111 4395 totaqq.
1147 4323 1150 4328 ’
