2812 4992
512 391 671 452 -69-

118 587 419 672 Tertullianus,
442 591 611 671 argumenti
638 589 701 654 loco
722 588 803 652 nnllo
829 585 920 672 modo
946 606 1076 674 csscpo·

95 725 178 815 'test
225 719 266 783 En
295 720 419 800 minus,
444 718 526 801 quod
548 720 611 803 ipse
646 718 695 782 illc
730 717 868 784 ccclesiae
901 717 1004 783 doctor
1022 719 1076 780 ¹in-

111 849 212 912 nuisse
238 847 373 930 videtur,
395 855 493 912 toturn
514 849 628 912 huncce
656 849 756 914 locurn
774 847 812 911 ad
846 848 1077 930 amplectentem

111 979 199 1044 illum
223 978 395 1060 odrtcptcm
417 979 585 1064 pertinere,
607 997 699 1060 quern
725 977 810 1042 salire
832 976 999 1042 decreverat
1014 977 1077 1061 (l),

112 1109 294 1190 sibiqnemet
331 1109 392 1192 ipse
425 1106 631 1172 contradixisse
650 1106 793 1171 dicendus
817 1117 915 1189 esset,
931 1109 956 1172 si
979 1109 1077 1174 locum

116 1259 132 1302 a
150 1237 300 1302 lllarcinne
314 1237 462 1302 sublatum
478 1255 540 1302 csse
563 1235 693 1306 indicare
709 1236 865 1312 voluisset,
882 1255 973 1319 quern
989 1237 1077 1321 paulo

116 1374 186 1430 ante
207 1367 238 1430 in
261 1368 347 1450 hujus
369 1365 511 1452 Apostolo
534 1365 635 1433 adesso
662 1385 722 1439 non
747 1367 869 1444 obscure
896 1367 1077 1450 signiticare-

115 1504 170 1560 rat.
216 1494 302 1574 Quod
325 1505 427 1560 tamen
449 1497 480 1560 in
507 1495 615 1560 cedern
645 1497 735 1562 hoen
768 1497 908 1563 orationis
938 1505 1077 1566 contentu

115 1643 213 1690 sermo
247 1625 327 1709 apnd
364 1646 435 1694 curn
468 1633 513 1690 est
539 1625 576 1690 de
606 1624 869 1692 adulterationibus
897 1625 1075 1708 quibusdam

113 1774 130 1818 a
161 1754 310 1821 llarclone
346 1757 511 1824 commissis
536 1756 612 1839 (9),
645 1756 701 1820 hoc
733 1755 815 1821 nullo
841 1753 931 1820 medo
957 1755 995 1820 ad
1018 1774 1075 1834 ea,

115 1902 192 1965 quae
204 1886 338 1967 proxime
352 1885 554 1968 praecedunt,
576 1886 725 1970 pertinet,
741 1885 793 1950 sed
809 1886 941 1950 unirersc
956 1885 994 1950 ad
1009 1905 1076 1951 orn·

116 2014 189 2096 nia,
212 2032 293 2095 poce
325 2013 436 2078 Paulus
464 2045 506 2066 -ν-
531 2023 565 2080 ιιι
590 2015 765 2100 opinabatur
789 2015 894 2080 saltem
921 2015 1078 2079 Tertul-

114 2144 248 2208 lianus
268 2175 310 2188 --
330 2163 429 2226 supro
449 2145 644 2208 disseruerat
657 2145 693 2208 in
705 2143 802 2226 fidem
821 2143 997 2222 Christian
1013 2144 1078 2227 lepe

112 2275 310 2357 cannatum,
343 2291 487 2356 quaeque,
513 2274 541 2338 ci
574 2272 749 2356 dogmaticis
782 2273 938 2341 Marcionis
963 2273 1079 2358 placitis

116 2402 201 2482 qnasi
223 2419 315 2466 ercsc
340 2401 375 2490 (i.
398 2421 424 2466 c.
447 2403 597 2486 subterna)
626 2402 810 2470 ridebantur.
855 2403 958 2485 Neque
988 2405 1077 2485 igitur

84 2531 298 2594 'haereticum
332 2532 418 2596 istam
452 2533 628 2618 scripturam
661 2541 712 2596 aul
736 2532 886 2598 mutilassc
910 2540 962 2596 ant
985 2533 1077 2595 inter-

113 2660 227 2744 polasse
249 2664 404 2745 queritur,
436 2662 507 2740 scd,
522 2681 649 2729 sensnm
682 2664 843 2748 scripturae
875 2662 955 2728 lalsis
986 2664 1078 2748 ipsius

113 2793 383 2876 interpretamentis
409 2791 483 2858 adeo
512 2793 686 2858 convenisse
720 2792 830 2875 illum,
864 2800 899 2858 ut
932 2793 995 2877 ipsc
1020 2792 1077 2858 sibl

114 2919 272 3004 Apostolus
295 2921 450 2986 oblocutus
471 2940 534 2986 esso
553 2920 708 3003 rideatur,
733 2941 829 3004 qnurn
850 2921 938 2986 Rom.
961 2921 1013 2984 Xl.
1033 2922 1075 2984 55

117 3047 220 3112 landes
246 3049 299 3114 Dei
324 3050 476 3132 celebret,
501 3051 572 3133 qni,
598 3051 623 3114 si
644 3050 802 3115 Marcionis
824 3052 967 3114 sententia
990 3069 1077 3134 prae-

116 3179 248 3261 valeret,
282 3189 449 3266 pauperet
475 3199 588 3260 egenus
622 3189 698 3244 esset
726 3179 889 3244 habendus
936 3179 1077 3260 Ceterum

147 3383 182 3450 (l)
199 3385 268 3449 Quod
288 3367 347 3449 jure
371 3385 416 3433 sibi
442 3384 541 3433 efficere
557 3383 654 3434 ridetur
669 3380 843 3439 Ilitschel.
862 3390 1022 3438 everbornnr
1038 3403 1077 3438 su·

116 3485 160 3535 pra
176 3470 347 3519 laudatorum:
364 3471 409 3518 sed
424 3471 581 3536 apprehendo
597 3471 786 3534 signifioitinne.
803 3472 823 3521 l.
838 3471 856 3522 l.
869 3471 969 3537 palffl.

149 3555 184 3622 (2)
201 3555 376 3620 llespiciurrtnr
399 3557 441 3606 liic
466 3574 530 3623 qnae
553 3562 688 3607 memoratu
709 3560 781 3608 leco:
799 3558 868 3608 Rom.
885 3558 920 3606 xt
934 3558 968 3608 ³3
985 3561 1010 3622 (o
1023 3574 1078 3622 pro·

86 3658 90 3668 ·
116 3641 223 3692 lundunr
239 3642 377 3694 divitiarum
391 3650 417 3694 et
435 3646 568 3711 sapientiae
583 3645 627 3704 net
642 3644 701 3704 cte.)
719 3660 769 3708 unc
794 3649 878 3712 unere
901 3645 993 3708 adjecit
1008 3644 1078 3692 ‘ler-

115 3728 310 3780 tullianus:
329 3747 342 3779 s
361 3732 431 3782 llndc
447 3733 490 3782 illa
506 3732 624 3798 eruptio?
657 3733 691 3796 Ex
707 3731 876 3782 recordatione
892 3730 988 3782 scilicet
1003 3733 1078 3797 scrip·

115 3818 242 3877 terrarum,
259 3831 321 3880 quat
336 3824 403 3866 retro
417 3819 571 3881 revolverat,
589 3833 618 3870 ex
631 3818 839 3883 contemplatione
857 3823 1078 3878 sacamentum,

115 3915 179 3964 qnae
194 3917 269 3968 supra
283 3905 432 3954 disseruerat
443 3905 469 3952 in
487 3905 562 3954 tidem
577 3901 667 3968 Christi
681 3905 779 3970 exlege
795 3905 942 3954 venientem.
976 3905 1040 3956 llaec
1059 3907 1080 3960 si

116 3987 223 4038 Heraion
239 3990 270 4039 de
291 3990 412 4040 industria
433 3991 522 4052 erasit,
545 3991 606 4054 quid
624 3991 750 4056 aposlolus
771 3991 826 4056 ejus
844 3990 978 4053 exclamat,
998 3993 1081 4046 nullan

116 4074 329 4128 intuensdiritiae
345 4077 390 4124 nei
405 4083 455 4126 tum
477 4078 593 4143 pauperis
608 4083 634 4128 et
649 4078 737 4142 egeni,
754 4093 829 4141 quum
845 4078 889 4142 qui
912 4073 975 4128 nihil
996 4080 1080 4144 condi«

117 4161 169 4222 dit,
186 4159 249 4212 nihil
265 4163 431 4228 praedicavit,
448 4163 510 4214 nilril
526 4164 633 4229 denique
658 4164 761 4228 habuit,
780 4168 809 4212 nt
827 4164 871 4230 qui
889 4165 916 4216 ln
937 4166 1016 4222 client
1036 4167 1081 4230 ‹la-

117 4249 230 4303 enarre·
247 4249 274 4316 n.
291 4250 308 4300 ι.
326 4250 354 4300 v.
371 4249 422 4315 aa).
1023 4235 1025 4242 ’
