2864 4996
753 361 913 420 ..rss...

355 585 443 646 nes,
466 559 552 628 crede
575 559 655 648 qood
677 559 818 628 orditum
842 570 896 626 est.
942 557 974 626 Si
1009 559 1082 626 niitit
1112 561 1237 624 istorum
1261 575 1323 637 es,

357 694 495 759 »merito
520 691 665 758 dixerim:
689 695 824 757 mereret
869 691 946 756 Mons
968 699 999 754 et
1022 697 1157 756 mortuns
1183 709 1238 770 es,
1261 693 1323 776 qni

356 851 371 880 t
391 841 450 888 non
476 841 507 886 es
529 820 736 902 Christianus,
769 838 829 888 non
862 819 1032 902 credendo,
1064 818 1153 904 qnod
1169 819 1325 885 creditum

357 979 371 1008 n
391 951 569 1018 Christianos
589 950 668 1016 iacit.
713 950 749 1016 Et
771 969 806 1015 eo
828 950 922 1032 magis
943 958 1079 1016 mortens
1100 971 1153 1032 es,
1182 951 1233 1034 qni
1258 967 1328 1014 non

357 1110 371 1139 ι
390 1101 422 1148 es
443 1081 653 1162 Christianus.¹
671 1079 734 1162 oct
755 1099 851 1162 eccm
869 1079 989 1162 scisses
1010 1080 1179 1161 cecidisti,
1200 1081 1329 1144 rescire·

358 1240 372 1269 o
391 1213 491 1276 decdo
515 1212 599 1294 qood
619 1217 704 1274 retro
726 1211 756 1293 (i.
781 1229 807 1274 e.
830 1210 913 1294 otim)
935 1209 1103 1274 credidisti
1146 1206 1259 1274 Sicut
1280 1219 1330 1273 et

360 1369 374 1397 n
394 1343 492 1424 ipsc·
513 1338 717 1406 confiteris
750 1341 788 1402 in
823 1339 986 1423 quadarn
1022 1337 1195 1422 epistola
1217 1345 1249 1400 et
1273 1343 1332 1404 tei

361 1499 375 1526 o
394 1489 456 1536 coc
476 1477 612 1554 cecant,
638 1476 669 1534 et
700 1470 804 1536 cestri
827 1469 972 1552 prodest.
1029 1470 1123 1550 igitur
1145 1469 1333 1534 resciodens
1411 1445 1412 1462 ³

361 1602 477 1684 »qood
511 1599 676 1664 credidisti
701 1599 777 1681 jem
799 1617 861 1662 coc
894 1599 1021 1664 credens
1053 1598 1237 1680 rescidisti,
1261 1616 1332 1664 tren

364 1759 377 1786 o
400 1738 523 1808 tameo,
547 1731 622 1814 qeic
643 1729 766 1792 cedere
790 1728 922 1806 desisti,
947 1735 1029 1790 recte
1042 1727 1209 1792 rescidisti.
1233 1727 1331 1814 Atqui

365 1858 591 1926 *rescindendo
606 1858 687 1944 qnod
710 1857 881 1938 credidisti,
904 1857 1033 1942 probes,
1055 1866 1124 1922 onte
1153 1874 1245 1941 quant
1276 1877 1329 1923 re-

366 1988 569 2072 ascinderet,
599 1989 683 2054 oiiter
716 1987 825 2070 inisse,
848 1985 929 2071 qnod
950 1985 1123 2068 credidisti,
1145 1987 1230 2052 oiiter
1249 1987 1328 2054 iiitid

366 2147 383 2203 o
399 2122 440 2184 ito
462 2127 524 2186 erat
539 2117 692 2184 traditum.
738 2118 827 2184 Porro
850 2115 930 2200 qnod
951 2115 1095 2185 traditum
1118 2125 1204 2198 eret,
1217 2117 1251 2182 id
1264 2129 1325 2185 eret

368 2277 381 2306 n
401 2267 503 2315 rerum
514 2245 543 2325 ,’'
557 2247 639 2331 reliq.
656 2248 707 2330 (i)
751 2245 863 2326 Quodsi
885 2245 958 2314 forte
977 2247 1043 2331 quis
1061 2254 1170 2330 putet,
1188 2265 1226 2312 cx
1249 2249 1318 2313 nisce

370 2378 463 2442 rerbis
490 2376 563 2442 nihil
596 2376 675 2442 alind
704 2378 773 2443 sotis
807 2386 885 2441 certo
919 2376 995 2440 effici
1024 2395 1132 2460 posse,
1166 2379 1221 2442 nisi
1247 2377 1330 2462 qnod

369 2507 499 2572 Marcion
526 2505 617 2572 fidem
647 2505 830 2572 Catholioom
850 2505 920 2570 olim
947 2506 1101 2590 ampiexus
1122 2508 1177 2586 sit,
1199 2507 1331 2571 minime

371 2657 437 2704 vero
449 2637 528 2721 quod
548 2638 614 2702 libri
633 2638 688 2722 ipsi
700 2638 856 2718 cononici,
878 2636 985 2720 quibos
1007 2637 1125 2710 ecclesio
1149 2642 1246 2718 poster
1272 2655 1329 2700 ess

371 2776 440 2848 est,
474 2786 569 2850 neque
600 2768 688 2850 igitur
717 2767 808 2830 ctiam
832 2766 928 2830 Lucre
954 2766 1169 2848 Euangelinm,
1194 2766 1222 2831 ei
1240 2767 1332 2831 inne-

372 2900 504 2978 tucrint‚
527 2927 568 2940 -
591 2899 634 2980 is,
657 2916 782 2981 quaeso,
805 2894 991 2960 disertissime
1014 2895 1148 2960 consulet
1172 2874 1348 2960 Tertni-x

371 3029 470 3092 iioni
493 3028 578 3092 rerhc
592 3073 602 3110 ,
616 3045 691 3109 qnae
715 3027 821 3110 scripto
844 3025 981 3108 tegeretur
1005 3024 1070 3090 odr.
1095 3025 1186 3090 Marc.
1207 3023 1259 3088 tv.
1288 3026 1328 3088 d:

370 3186 384 3212 o
404 3156 492 3237 Quod
519 3176 588 3240 ergo
612 3158 740 3242 pertinet
761 3154 799 3218 cd
826 3154 1036 3237 Ecoeqciiem
1059 3155 1180 3220 interim
1205 3154 1328 3230 deese,

372 3297 551 3368 »quotenos
572 3285 742 3352 communie
769 3287 832 3368 ejus
855 3286 931 3348 inter
961 3303 1014 3350 nos
1033 3293 1064 3348 ct
1085 3283 1268 3348 Marcionem
1294 3283 1326 3346 de

372 3415 525 3478 coecitate
546 3413 707 3498 disceptat,
730 3412 802 3480 odeo
822 3409 970 3496 antiquins
992 3413 1141 3478 Marcione
1159 3420 1228 3494 est,
1251 3413 1329 3496 qnod

365 3631 594 3650 m

406 3787 440 3852 (1)
458 3788 492 3836 Gi.
512 3788 566 3838 edr.
582 3788 654 3837 More.
671 3787 690 3836 1.
707 3787 740 3849 1,
760 3787 802 3836 ubi
824 3787 849 3835 in
868 3787 975 3838 eundern
1000 3787 1075 3836 finem
1094 3787 1125 3836 ed
1142 3786 1218 3852 ipsius
1233 3785 1331 3833 Marcio-

373 3875 412 3922 nis
429 3872 513 3924 literse
529 3877 645 3940 quasdem
666 3874 805 3938 deperditas
822 3880 978 3936 provocetur.
1013 3891 1026 3920 ι
1045 3873 1098 3921 iion
1119 3872 1246 3936 negabunt
1262 3871 1332 3920 dicei·

374 3974 387 4006 o
407 3957 459 4024 puli
475 3957 547 4021 ejus·
565 3970 599 3981 ··
619 3957 654 4004 tie
670 3955 736 4003 enim
750 3954 855 4019 tegimus
876 3977 909 3992 -
928 3974 941 4008 ro
958 3959 1072 4023 primam
1087 3959 1135 4008 itte
1148 3958 1228 4020 fidem
1249 3957 1332 4005 credis-

373 4060 385 4092 »
404 4060 460 4094 cem
470 4045 577 4106 scisse,
593 4045 680 4108 ipsius
698 4040 787 4089 literis
802 4041 925 4104 testibus,
943 4043 1046 4108 ntsshine
1059 4043 1113 4108 jem
1128 4043 1244 4100 destinari
1256 4043 1333 4107 possit

372 4145 386 4178 c
405 4129 559 4192 haereticus,
576 4130 637 4194 qni,
653 4129 750 4177 decerto
764 4127 832 4191 quod
848 4127 914 4194 prius
930 4127 1027 4191 fueret,
1038 4127 1069 4200 id
1087 4132 1171 4195 postea
1188 4127 1233 4196 tihi
1249 4127 1331 4189 elege-

371 4234 385 4266 s
403 4217 453 4276 rit,
470 4217 537 4281 quod
554 4220 619 4266 retro
633 4231 682 4264 non
696 4219 774 4265 crct.”
1014 4199 1017 4206 ¹
