2864 4996
55 570 59 579 ’
144 599 249 667 dandis
287 598 342 684 ipsi
380 596 540 684 ueeupati,
578 598 729 662 raritatem
775 597 942 664 historiuam
977 617 994 660 e
1034 599 1104 662 eali-

141 732 274 814 qiuesis‚
299 731 408 813 quibus
431 746 500 792 earn
521 725 727 812 superfuderat
749 725 833 791 anilis
854 726 998 809 traditio,
1022 734 1105 790 tene-

141 861 202 924 bris
222 861 253 924 in
276 860 377 924 lueem
398 858 602 944 protraxerint.
647 859 671 921 E
693 858 944 938 usurariorum,
966 858 1012 940 si,
1038 875 1106 942 per-

76 1061 84 1074 ,
142 993 241 1076 peusis
264 989 426 1071 omnibus,
460 955 539 1052 nulia
570 987 718 1052 sufficiens
750 1007 836 1051 eausa
867 987 1030 1064 iuvenitur,
1055 1006 1107 1052 eur

144 1122 339 1203 antiquorum
362 1109 541 1184 'testimoniis
567 1117 659 1182 fidem
675 1116 893 1200 adessemus,
922 1135 983 1182 uun
1010 1117 1109 1181 minus

151 1257 266 1336 eertum
288 1257 351 1331 est,
382 1250 439 1314 hee
462 1251 561 1334 ipsum
587 1248 674 1314 uehis
695 1246 875 1313 documento
898 1246 959 1312 iere
984 1246 1110 1310 eximiae

147 1377 302 1464 eujusdam
325 1377 451 1446 raritatis
475 1387 567 1461 atque
588 1379 780 1461 temeritatis,
799 1397 858 1462 qua
878 1377 989 1442 suilieet
1010 1376 1107 1454 dueti,

149 1507 332 1576 Maeuianam
364 1509 568 1592 hausurum,
600 1528 692 1591 quam
715 1510 868 1574 ueritatem
897 1509 973 1573 tueri
993 1508 1109 1571 malue-

151 1647 222 1706 rurrt
233 1653 251 1723 ,·
266 1649 300 1704 ut
312 1657 364 1704 ⁴ue
384 1641 518 1725 ipserum
541 1639 668 1725 piacita,
684 1637 900 1722 qualiacunque
912 1637 1050 1720 taudem,
1066 1637 1110 1700 ia-

149 1769 380 1838 hetaerueruur.
424 1769 601 1832 Praesertim
619 1787 710 1848 rere,
731 1769 756 1830 si
772 1767 1008 1849 Tubingeusium
1031 1768 1111 1831 eriti-

149 1913 254 1964 eurum
279 1899 427 1964 rationem
447 1897 579 1978 habeas,
606 1896 680 1959 eirea
705 1898 806 1980 ipsum
827 1896 1001 1962 sanonicum
1016 1896 1112 1960 Luras

154 2026 353 2109 Euangelium
367 2027 433 2092 telis
455 2027 552 2108 agitur
573 2026 730 2108 quaestio,
752 2025 872 2108 qualem
894 2024 1016 2090 barbara
1044 2044 1113 2090 reue
1202 2011 1207 2022 ⁸

150 2157 283 2224 vitalem
320 2155 380 2220 iere
419 2155 517 2220 diuers
542 2173 707 2240 pessumus.
763 2154 921 2235 Quaeritur
953 2156 1055 2234 euim,
1081 2162 1114 2219 ut

150 2289 253 2372 pausis
268 2287 362 2352 verbis
378 2293 464 2368 utar,
485 2304 561 2350 uum
583 2283 657 2349 iiber
676 2285 726 2349 ilie
747 2286 903 2370 permultis
918 2284 1113 2352 additamen-

151 2416 212 2497 tis,
233 2432 289 2478 nee
313 2433 375 2498 ne,
398 2414 522 2479 refertus
539 2415 584 2478 sit
630 2414 787 2494 Quaeritur
808 2418 947 2498 omnine,
968 2435 1043 2481 num
1058 2418 1113 2481 aii-

152 2563 211 2627 qua
237 2546 265 2608 ei
290 2545 449 2611 aucteritas
471 2545 509 2612 sir
530 2543 711 2628 tribuenda,
736 2565 773 2610 au
798 2546 897 2632 petius
917 2547 956 2610 ita
983 2555 1114 2610 statuen-

153 2672 248 2752 dum,
279 2674 351 2742 falsa
375 2676 449 2739 reris
470 2675 503 2740 iu
526 2693 562 2740 ee
589 2676 629 2739 ita
657 2676 816 2741 eummixta
839 2695 933 2760 esses
954 2685 988 2741 ut
1019 2695 1115 2742 unum

152 2805 191 2868 ab
220 2805 312 2870 altere
335 2804 469 2887 dignesei
494 2804 622 2890 amplius
643 2823 703 2870 neu
727 2807 827 2892 pessit.
873 2806 984 2887 Quodsi
1010 2810 1116 2890 enim,

153 2943 187 3003 ut
216 2951 297 3003 nune
330 2936 501 3012 sehabet,
538 2935 669 3024 partium
697 2935 793 3001 studio
821 2945 873 3000 aut
900 2937 989 3000 simili
1013 2957 1117 3002 eausae

159 3063 303 3140 originem
325 3061 451 3143 debuit,
465 3097 506 3108 -
529 3081 714 3147 quamquam
733 3065 810 3128 hene
829 3066 867 3128 de
889 3073 1007 3130 auetere
1033 3069 1119 3150 ejus,

147 3191 257 3271 'ignote
282 3207 423 3279 prorsus,
447 3191 631 3268 sentiamus,
645 3223 688 3238 -
714 3192 798 3256 aliter
820 3210 879 3258 neu
912 3194 975 3258 sreri
1001 3203 1119 3280 potest,
1193 3225 1196 3228 ·

155 3320 228 3403 quin
243 3327 273 3384 et
288 3318 363 3389 fides
382 3321 471 3404 hujus
493 3320 628 3384 historica
652 3321 737 3387 nubis
756 3321 927 3387 indubium
951 3325 1046 3388 ueniat
1063 3325 1116 3410 (i).

155 3449 289 3516 Proreus
319 3451 468 3518 rationum
503 3451 573 3515 saris
607 3469 777 3537 superque,
809 3472 884 3536 eur,
917 3454 998 3537 qued
1034 3456 1119 3520 uubis

154 3579 341 3664 prepositum
372 3588 438 3662 est,
467 3600 521 3667 pru
545 3581 653 3654 uiribus
676 3583 797 3664 exsequi
819 3573 970 3648 eenemur.
1016 3585 1118 3648 Restat

155 3727 247 3790 rere,
282 3699 324 3772 ut*
346 3708 384 3772 de
411 3712 477 3786 ria,
506 3728 598 3793 quam
627 3714 658 3778 in
686 3710 864 3796 disputando
886 3714 960 3778 inire
987 3713 1117 3778 deorsu-

155 3857 242 3920 mus‚
265 3839 347 3904 brevi
374 3857 627 3928 praemoneamus.

192 4256 225 4322 (1)
242 4260 275 4309 Cf.
294 4259 403 4322 Barim,
423 4261 438 4309 l.
459 4261 473 4310 l.
493 4278 516 4324 p.
537 4261 548 4308 l
568 4278 603 4324 aq.
