2812 4992
682 362 902 440 'first-

334 579 502 665 Apostolico
529 580 607 645 uude
634 579 775 644 invenisse
800 581 952 665 positnrn:
976 608 990 638 ι
1010 589 1040 645 ct
1067 583 1127 666 ipse
1153 591 1294 649 estante
1386 587 1387 590 ’

330 709 450 775 omnes”
476 709 554 796 (Col.
578 711 602 775 l.
627 709 684 794 tr)
707 710 764 793 (l).

762 973 786 1052 p.
811 943 880 1034 ru.¹

363 1229 561 1312 Enplorctcr
585 1229 796 1306 discriminis,
820 1231 902 1312 qood
926 1230 1099 1294 Marcionis
1122 1231 1207 1293 inter
1229 1238 1260 1292 et

452 1357 554 1421 Locos
580 1353 791 1442 Eccneetiom
813 1359 1044 1442 intercesserit,
1070 1361 1166 1422 ratio.

371 1617 432 1680 Etsi
455 1617 535 1699 sint,
566 1619 617 1699 qui
644 1617 800 1683 Marcionis
826 1582 1041 1702 Apostolionrn
1068 1637 1137 1684 curn
1163 1621 1287 1700 genuina

329 1753 520 1818 Paulinamm
543 1755 735 1839 epistolarum
767 1752 886 1822 irritem
910 1755 949 1820 ila
974 1757 1141 1821 convenisse
1165 1767 1283 1820 conten·
1390 1739 1391 1752 ¹

328 1891 425 1973 dunt,
459 1902 493 1957 ut
526 1893 759 1977 interpolationis
796 1895 922 1978 suspicio
958 1911 995 1956 uo
1029 1896 1138 1957 moveri
1167 1895 1284 1976 quidem

326 1999 426 2086 eontra
450 2021 524 2087 illud
548 2041 632 2107 posse
659 2023 694 2086 iis
719 2019 875 2105 rideatur,
905 2041 994 2088 nemo
1024 2030 1125 2087 tamen
1149 2023 1279 2099 dubitat,

326 2170 424 2233 neque
442 2153 532 2216 etlam
556 2150 684 2216 dubitari
706 2153 743 2215 ah
763 2153 823 2217 ullo
842 2160 956 2235 potest,
980 2153 1052 2233 quin
1067 2152 1219 2218 Marcionis
1235 2155 1277 2214 io·

324 2292 368 2344 ter
392 2292 422 2344 et
444 2282 540 2345 Lucae
565 2282 777 2364 Ecanpeliuno
805 2283 917 2363 insigne
954 2281 1106 2363 quoddam
1130 2282 1272 2346 discrimen

322 2409 410 2474 luerit
435 2413 636 2496 conspicuum.
672 2411 820 2493 Quoniam
846 2431 913 2478 vero
936 2411 974 2476 de
997 2413 1089 2496 ipsius
1114 2414 1204 2496 hujus
1224 2410 1279 2474 dis-

324 2541 454 2604 criminis
477 2542 589 2606 ratione
611 2540 692 2604 haud
718 2561 824 2626 parum
851 2543 1041 2625 ambigatur,
1064 2561 1182 2606 necesse
1210 2543 1284 2623 erit,

325 2677 358 2732 ut
380 2668 417 2732 de
442 2667 595 2752 lontibus,
628 2670 708 2734 undo
741 2671 895 2752 Fmrnpelii
923 2670 1115 2737 Marcionitici
1141 2671 1284 2736 diversam

324 2797 451 2863 formam
476 2801 647 2863 etiamnunc
666 2818 840 2882 cognoscere
853 2802 938 2866 liceat
952 2821 1065 2886 ‚pauca
1077 2803 1185 2866 haecce
1200 2820 1284 2885 prae-

324 2944 508 2994 moneamus.

368 3057 446 3124 Sunt
463 3058 506 3122 illi
520 3061 692 3143 praesertim
707 3060 787 3143 duo,
808 3080 917 3145 nempe
942 3060 1221 3126 Tertullianus
1243 3070 1283 3126 at·

327 3178 386 3271 quo
412 3189 662 3272 Epiphanius.
686 3188 829 3255 Adhiberi
852 3190 974 3274 quidem
990 3199 1020 3254 et
1039 3190 1221 3274 aliipracter
1234 3193 1284 3256 hor

322 3317 440 3399 solent,
462 3318 610 3402 imprimis
636 3320 1092 3402 Pseudo-origenianos
1112 3317 1156 3384 dc
1185 3328 1281 3386 recto

322 3445 403 3509 lide
436 3446 648 3530 Dialogus3
687 3451 740 3513 etsi
765 3469 832 3517 vero
858 3452 889 3513 hi
920 3467 1146 3533 nonnumquam
1174 3449 1286 3514 iaciant

320 3575 357 3639 ad
380 3577 581 3642 confirmanda
610 3597 668 3661 ea,
691 3599 767 3662 quae
795 3579 832 3644 de
855 3577 1011 3643 Marcionis
1035 3577 1195 3660 Euangelio
1226 3578 1282 3642 ali-

321 3705 400 3770 unde
425 3707 511 3773 nohis
536 3708 751 3792 innotuerunt,
774 3709 991 3784 ohsermndum
1016 3717 1116 3774 tamen
1139 3719 1205 3786 est,
1231 3728 1283 3774 nos
1390 3769 1392 3788 k

322 3853 357 3900 eo
395 3837 495 3899 minus
528 3837 562 3902 iis
589 3837 714 3902 subinde
738 3837 884 3903 confidere
907 3857 1014 3922 posse,
1037 3857 1097 3920 quo
1119 3839 1215 3920 magis
1236 3839 1281 3900 in-

322 3972 438 4028 certum
476 3973 543 4047 est,
573 3975 674 4032 utrum
714 3967 752 4032 ad
784 3969 875 4051 ipsius
901 3987 1018 4052 semper
1042 3967 1222 4049 Marcionis,
1244 3986 1280 4030 an

323 4095 508 4112 m

356 4165 389 4231 (1)
413 4169 477 4219 cett.
500 4171 531 4222 ci.
557 4171 633 4236 hujus
652 4187 755 4238 opusc„
781 4172 823 4222 uhi
849 4174 916 4242 ipsa,
943 4173 973 4224 de
998 4174 1089 4239 quihus
1113 4174 1154 4226 hic
1176 4176 1272 4239 egitur,

318 4251 531 4306 Tertulliani
549 4258 621 4308 verbu
637 4257 790 4308 exhihentur.
