2812 4992
724 397 904 459 *ΙΝ-

332 600 436 681 titulo,
471 602 500 662 in
536 599 777 666 antecedentibus
805 601 988 666 mentionem
1014 597 1174 664 Abrabami
1200 597 1288 663 luisse

330 728 458 810 laetam,
482 730 536 792 etsi
563 701 644 813 apud
670 728 852 794 Marcionem
874 747 933 794 non
954 729 1127 794 inveniatur.
1153 727 1288 792 -Per-

331 875 434 942 peram
462 859 551 941 igitur
571 859 821 926 llitscbelius
847 859 969 940 statuit,
990 857 1288 922 Tertullianum

332 1007 368 1052 eo
398 989 528 1055 consiliu·
548 989 587 1054 ad
622 1009 662 1054 rs.
687 988 707 1052 6
740 1007 927 1077 provocasse,
952 995 985 1054 ut
1007 987 1090 1073 quasi
1111 1006 1148 1052 ex
1170 1006 1290 1054 eonces-
1388 977 1389 980 '

332 1118 372 1182 sis
394 1109 628 1202 demonstraret,
650 1138 741 1204 quarn
763 1121 864 1203 inepte
887 1118 966 1185 solus
988 1139 1027 1184 rs.
1052 1118 1083 1182 7.
1105 1137 1122 1182 a
1141 1117 1289 1183 Marcione

331 1247 464 1313 sublatus
494 1258 587 1330 esset,
610 1268 703 1332 quum
730 1249 769 1314 cb
792 1249 905 1313 nullam
928 1249 1018 1312 alium
1039 1265 1159 1312 causam
1182 1266 1236 1312 oss.
1250 1245 1291 1329 6,

333 1377 435 1443 uere
458 1379 645 1459 excitaverit,
668 1380 722 1442 uisi
746 1389 778 1442 ut
801 1377 986 1454 ostenderet,
1010 1376 1162 1461 quomodo
1180 1375 1291 1460 iidem,

333 1510 384 1591 qui
407 1509 458 1572 lilii
481 1509 570 1592 fidei,
593 1510 683 1573 etiam
705 1507 866 1572 Abrabami
890 1508 942 1572 lilii
962 1507 1127 1592 nuncupari
1146 1506 1185 1570 ab
1200 1505 1291 1592 Apes

332 1639 394 1706 tolo
416 1647 543 1723 possent.
589 1638 751 1722 Ceterum,
774 1639 888 1702 etiarnsi
912 1638 1188 1702 Tertullianus
1206 1638 1291 1704 mim

332 1788 371 1832 rs.
397 1767 418 1832 7
440 1769 472 1833 in
491 1767 601 1834 Codice
624 1768 782 1834 Marcionis
808 1769 972 1833 absentiam
998 1767 1098 1832 testari
1126 1765 1288 1849 rideretur,

333 1899 378 1962 rel
412 1900 454 1962 sic
486 1906 586 1962 lamen
617 1899 703 1980 longe
728 1899 860 1974 abesset,
884 1907 919 1964 ut
940 1897 1131 1963 llitscbelii
1154 1917 1221 1964 rem
1241 1917 1286 1962 ex·
1389 1903 1390 1926 ¹

332 2026 465 2112 peditam
487 2029 557 2094 satis
578 2029 787 2093 existimarem.
831 2027 938 2110 Megari
962 2045 1072 2113 nempe
1094 2045 1155 2092 non
1178 2037 1284 2112 potest,

331 2179 371 2224 rs.
405 2159 490 2222 illurn
524 2159 619 2224 multo
644 2160 852 2242 magisqnam
876 2158 983 2240 ceteri,
1006 2157 1176 2254 dequibus
1195 2174 1280 2222 sermo

332 2296 395 2366 est,
426 2287 576 2353 doctrinae
609 2288 722 2353 Pontici
754 2305 927 2372 repugnare.
974 2287 1007 2349 lo
1031 2286 1088 2350 illis
1110 2284 1277 2370 comparatio

332 2417 456 2502 quidem
487 2437 555 2482 cnm
585 2417 665 2482 lideli
692 2418 861 2482 Abrabamo
886 2418 1056 2482 instituitur.
1102 2417 1140 2483 ln
1158 2418 1217 2483 boc
1236 2434 1286 2480 au·

333 2559 394 2612 tem
427 2547 530 2612 fideles
562 2549 618 2632 ipsi
652 2545 813 2612 Abrabami
841 2549 910 2612 lilii
938 2555 1158 2632 nuncupantur.
1206 2544 1306 2628 Quod·

332 2705 371 2748 vs.
397 2683 429 2747 9.
453 2683 594 2765 legimus:
620 2681 701 2750 ὥστε
726 2684 753 2748 oi
784 2684 819 2750 ἔκ
843 2683 977 2774 stereus
1004 2684 1215 2762 εὐλογοῦνται
1237 2682 1291 2752 rb

332 2819 375 2897 τῷ
403 2816 505 2898 πιστῷ
533 2813 711 2898 Ἀβραάμ,
744 2816 838 2880 multo
871 2813 986 2880 faritius
1014 2817 1239 2902 interpretando
1263 2827 1289 2879 et

330 2942 584 3010 accommodando
613 2945 644 3007 iu
673 2944 861 3010 concordiam
884 2963 954 3009 eum
979 2944 1094 3030 placitis
1116 2944 1179 3008 suis
1201 2942 1290 3025 redigi

330 3092 346 3137 a
388 3073 539 3140 Marcione
573 3082 706 3160 poterat,
729 3041 831 3158 ¹quarn
864 3073 946 3159 quod
980 3095 1019 3140 rs.
1055 3074 1086 3139 7.
1117 3074 1288 3140 exhibetur:

329 3205 379 3276 ὅτι
404 3209 432 3275 cl
456 3208 492 3275 ἐκ
514 3209 665 3291 πίστεως,
690 3205 772 3277 οὗτοι
802 3210 881 3296 eiuro
904 3209 962 3278 vlo>
987 3207 1159 3294 Ἀβραάμ.
1207 3211 1290 3275 Erra-

329 3335 371 3398 vit
396 3336 484 3416 igitur
509 3335 752 3420 Ilitscbelius,
778 3338 891 3402 nnllam
919 3337 1042 3423 proferri
1063 3358 1148 3424 posse
1171 3358 1290 3405 cauum

329 3453 604 3548 contendendum
627 3465 757 3534 Marcion
779 3468 892 3532 ceteris
912 3468 1043 3533 intectis
1066 3468 1175 3534 relictis
1196 3487 1292 3535 unum

329 3615 368 3660 ts.
400 3595 420 3658 7
451 3594 598 3660 deleverit.
643 3596 747 3681 Neque
779 3597 911 3662 multum
947 3598 974 3662 ei
1007 3597 1147 3684 expedit,
1173 3600 1292 3664 librario
1389 3601 1391 3654 l

329 3724 448 3810 culpam
486 3725 577 3830 dorp,
613 3746 672 3810 qua
708 3727 823 3792 liberari
858 3727 919 3793 vult
941 3729 1151 3794 haereticum:
1180 3727 1292 3811 Quod,
1390 3745 1391 3748 ’

328 3873 423 3938 quum
457 3875 510 3940 per
543 3875 574 3920 se
609 3875 715 3942 parum
749 3858 901 3942 probabile
935 3860 991 3942 sit,
1025 3860 1172 3926 minorem
1198 3861 1293 3924 etiam

327 3983 419 4047 iidem
441 3986 549 4048 mereri
569 3985 684 4050 ridetur
707 3987 912 4071 reputantibus
934 3988 1037 4067 nubis,
1061 4009 1153 4073 quam
1175 3988 1291 4055 creditu

328 4111 447 4178 difficile
469 4115 521 4196 sit,
548 4135 616 4182 casu
638 4124 669 4180 et
692 4113 768 4181 forte
790 4118 830 4181 ita
853 4133 916 4182 esse
938 4116 1072 4203 factum,
1094 4129 1129 4184 ut
1151 4121 1215 4205 ipsc
1242 4119 1291 4182 illo

329 4245 515 4330 apographo,
557 4248 585 4309 iu
632 4266 691 4329 quo
738 4247 841 4311 vitium
880 4247 938 4314 tale
973 4250 1165 4314 commissum
1202 4258 1287 4328 erat,
