2864 4996
584 349 727 408 ..5.-

175 553 213 619 od
228 553 538 632 iiirm'ro'eurrereut,
560 552 703 635 omnique
729 549 819 614 dubio
845 549 947 634 mejus'
968 550 1134 634 heberent,

169 686 245 767 quin
272 683 309 748 de
339 684 395 748 heo
423 701 455 746 re
481 689 543 747 orto
567 681 603 746 iis
624 684 665 746 ite
684 685 748 766 jem
773 679 897 745 diremtu
921 689 1019 762 esset,
1046 681 1133 744 utin

168 823 325 900 posterum
350 813 485 878 donoro
508 812 618 878 moveri
641 829 700 876 non
724 818 831 894 posset.
890 809 929 874 At
950 818 1133 895 quantopere

170 963 236 1030 spes
263 946 317 1008 isto
342 941 477 1006 fefellerit
502 941 616 1006 animos
642 941 732 1005 nimis
761 957 901 1021 securos,
922 941 1056 1025 proximo
1080 939 1134 1002 ob·

171 1073 241 1136 hine
273 1049 460 1155 proeterirpsi
503 1072 570 1133 unni
607 1077 695 1134 testes
724 1077 802 1135 suut.
847 1069 997 1134 Nimirum
1020 1071 1135 1155 primus

174 1201 287 1264 exstitit
320 1197 613 1282 Sohuegierus,
647 1200 752 1282 quiin
775 1218 863 1285 opere
886 1219 940 1266 suo
962 1199 1135 1282 proeoisro,

171 1327 337 1412 itidemque
375 1329 511 1412 famoso,
546 1347 605 1413 quo
639 1329 778 1394 oooiesioe
814 1329 974 1395 orthoiioue
1009 1330 1136 1412 origines

169 1466 369 1544 perserutotus
392 1467 436 1524 est
459 1459 526 1543 (f),
560 1459 738 1544 hypothesin
778 1456 1002 1524 SomIoro·
1016 1459 1134 1524 Eioir·

172 1589 404 1656 horniouum
427 1589 526 1654 denuo
550 1588 761 1655 commendere
784 1587 921 1671 studuit,
938 1587 1134 1671 usqueadeo,

169 1718 321 1784 mutandis
343 1720 487 1800 mutatis,
510 1716 730 1796 demonstrare,
753 1718 966 1801 Euouqeiium,
990 1718 1071 1803 quod
1085 1716 1134 1781 di·

169 1852 245 1914 oitur
268 1848 449 1928 mersionis,
472 1847 545 1910 nihii
568 1846 650 1914 atiud
672 1845 785 1928 fuisse,
805 1848 862 1910 uisi
877 1853 1022 1912 uetustum
1037 1862 1135 1929 qum·

171 1978 241 2042 dem
276 1993 376 2042 rerum
407 1974 913 2058 antrustionum-enarrationem,
938 1977 970 2038 in
993 1974 1135 2040 Christis-

170 2123 280 2172 uorum
309 2104 348 2170 de
370 2104 508 2186 gentibus
542 2123 629 2168 usum
663 2104 851 2189 eonfeotom,
885 2104 992 2170 eodem
1023 2103 1136 2188 modo,

170 2254 230 2318 quo
268 2234 489 2316 Euengoiium,
511 2232 594 2316 quod
627 2239 700 2306 καθ’
724 2240 895 2322 Ἑβραίους
922 2242 1134 2320 nunoupatur,

169 2359 373 2425 tudaisurum
399 2381 423 2424 s.
445 2360 651 2426 Ebioniturum
673 2363 741 2428 usui
766 2362 904 2427 inservire
929 2359 1056 2426 debebat
1070 2361 1135 2444 (9);

169 2508 256 2574 porro
291 2492 509 2556 enarrationem
541 2493 632 2556 istum
668 2490 706 2556 ori
739 2492 895 2576 primarios
927 2491 1023 2558 fontes
1041 2491 1134 2576 porti-

168 2622 289 2704 nuisse,
311 2619 392 2685 unde
419 2619 615 2702 Euangeiium
643 2621 739 2688 Luese
772 2621 948 2687 eunonioum
981 2619 1135 2702 manarit,

169 2751 374 2833 omninoque,
397 2752 451 2815 etsi
474 2753 531 2817 froo
553 2751 703 2816 nonsatis
725 2751 844 2835 probari
865 2750 979 2836 possit,
1001 2750 1070 2850 sortis
1087 2757 1133 2813 te·

169 2900 240 2948 men
260 2880 407 2965 probabili
430 2881 544 2947 ratione
567 2879 760 2945 statuendum
775 2898 838 2944 esse
851 2926 862 2962 ,
877 2887 1030 2945 auotorem
1045 2880 1137 2963 hujus

170 3009 256 3090 iibri,
277 3010 409 3093 partium
428 3009 524 3075 studio
539 3010 681 3092 duorum,
704 3010 858 3091 antiquam
878 3028 969 3091 quum
984 3011 1135 3074 inuenerat

170 3138 347 3221 seripturem
372 3137 492 3222 pauline
516 3147 617 3202 urente
642 3137 830 3219 maiomam,
852 3136 1001 3203 nonnuliis
1022 3137 1134 3204 addito·

170 3266 302 3349 mentis,
336 3265 531 3331 obionitiomir
568 3265 740 3350 praesertim
766 3267 896 3332 ooiorem
918 3265 1133 3351 referentibus,

172 3413 208 3460 eo
232 3396 353 3462 oonsilio
377 3397 517 3478 auxisse,
541 3404 575 3460 ut
593 3397 734 3480 utrique,
756 3399 807 3479 qui
830 3417 847 3460 o
866 3398 967 3481 Petri,
988 3407 1019 3463 et
1041 3400 1092 3482 qui
1116 3418 1132 3463 a

171 3525 257 3589 Pauli
289 3527 423 3608 portibus
457 3527 597 3624 stabunt,
636 3526 826 3612 apostolieum
859 3529 1071 3594 ¹auotoritotem
1105 3531 1133 3594 ei

172 3791 327 3842 Semlere
351 3791 484 3842 assentitus
507 3799 576 3858 eret,
601 3797 671 3861 qued
692 3795 915 3846 summum-attinet
931 3797 982 3857 rei,
1007 3797 1033 3846 iu
1059 3811 1134 3862 opere

174 3893 237 3938 ruo,
256 3877 298 3926 oui
314 3876 403 3926 titulus
419 3883 471 3928 est:
501 3878 608 3932 Vorsueit
631 3884 693 3932 sibor
711 3882 753 3930 die
769 3882 933 3948 Enfsteftrmg
948 3880 991 3930 der
1007 3883 1133 3942 sotro‘stlo'·

175 3963 237 4012 often
252 3963 421 4031 Evangeliin.
439 3963 512 4014 1818,
530 3979 554 4030 p.
571 3967 605 4018 24
621 3983 675 4035 sqq.

209 4048 243 4115 (1)
267 4051 323 4098 Dos
344 4052 577 4116 neuiopostolisofo
602 4057 731 4107 Zeitolter
752 4057 815 4106 noct
840 4056 885 4105 don
910 4059 1136 4122 Haopeoomsnoeo

179 4139 264 4185 setner
281 4137 473 4203 Entwo‘oiriuug.
491 4137 708 4201 noningenties.

214 4219 247 4286 (1)
265 4223 280 4272 i.
299 4223 315 4272 i.
334 4223 353 4275 1.
372 4239 395 4290 p.
412 4211 463 4276 '203
480 4239 534 4292 sqq.
549 4223 607 4277 260.
