2834 4996
714 387 895 449 -ldd-

323 591 508 676 propositum
532 607 621 656 soum
643 565 822 654 contendere
844 596 970 672 uterque
994 588 1208 670 constituerat,
1232 589 1289 654 olr-
1400 627 1401 640 κ

322 720 498 785 serrandum
516 729 586 801 est,
608 720 904 785 Tertullianum
925 753 966 766 -
988 721 1011 782 si
1033 717 1199 785 admodum
1221 736 1288 782 rara
1400 779 1401 788 ,

324 849 472 932 quaedam
505 850 644 914 eontrarii
680 849 786 931 agendi
813 849 949 934 exempla
982 849 1092 932 exeipis
1119 849 1162 933 (l)
1184 885 1226 898 -
1248 849 1290 912 si·
1400 853 1401 856 ’

324 979 414 1048 lentio
435 979 501 1046 illos
522 979 757 1064 praetermittere
780 979 872 1045 solere
897 979 998 1060 looos,
1020 997 1096 1060 quos
1114 979 1144 1040 in
1160 977 1293 1042 lllareio·

323 1109 369 1172 nie
390 1108 550 1191 Euangelio
570 1116 621 1174 aut
643 1127 704 1175 non
726 1109 898 1190 invenerat,
920 1115 973 1172 aut
988 1108 1027 1171 ita
1049 1126 1080 1171 se
1095 1107 1204 1170 habere
1220 1126 1293 1190 per·

325 1246 483 1323 sperarat,
505 1248 539 1304 ut
561 1239 604 1302 nil
627 1237 765 1323 praesidii
792 1234 898 1302 exinde
922 1247 1023 1303 eontra
1046 1237 1204 1302 Ponticum
1227 1240 1291 1322 peti

326 1376 447 1452 posset,
469 1365 732 1452 Epiphaniam
756 1386 822 1434 rero
849 1369 880 1430 in
905 1367 1022 1433 soholiis
1047 1369 1127 1445 suis,
1150 1369 1207 1430 etsi
1231 1386 1293 1435 non

326 1497 497 1580 uniuersas,
529 1497 702 1581 praecipuas
735 1506 838 1562 tamen
863 1505 894 1560 et
923 1497 1066 1581 plurimas
1090 1498 1293 1580 mutationes,

328 1644 402 1708 quas
418 1627 598 1692 oommisiaae
620 1627 802 1693 Marcionem
826 1628 1042 1711 competierat,
1063 1625 1179 1691 disertis
1199 1627 1293 1691 uerbis

328 1754 483 1840 indidere,
506 1758 545 1820 ita
577 1757 614 1822 ¹ut
645 1755 707 1821 iere
737 1777 893 1840 nunquam
917 1757 1044 1822 dubium
1067 1756 1179 1820 abillo
1205 1757 1286 1820 relin-
1400 1769 1401 1782 ¹

329 1895 453 1968 quatur,
475 1905 624 1969 quaenam
648 1885 789 1953 Canoniei
811 1888 964 1970 Euangelii
985 1886 1147 1972 partioulae
1168 1888 1207 1949 ab
1223 1888 1289 1950 hae-

330 2015 421 2081 retioo
444 2017 504 2081 riro
527 2025 676 2100 resectae,
699 2035 847 2101 quaenam
864 2025 895 2080 et
909 2016 990 2100 quali
1006 2015 1096 2080 modo
1110 2015 1289 2082 adulteratae

332 2145 371 2210 ab
385 2146 435 2211 illo
452 2146 569 2211 luerint.
608 2148 723 2211 lirrasse
746 2147 819 2211 mihi
842 2148 920 2212 hano
938 2145 977 2211 ob
998 2163 1117 2210 eaumm
1138 2145 1284 2226 ridentur,

334 2283 480 2359 quotquot
508 2275 661 2358 Euangelii
681 2275 875 2344 illareionitioi
897 2275 1024 2342 formam
1046 2274 1206 2358 indagaturi
1227 2275 1280 2340 ini·

332 2377 409 2470 tium
435 2406 567 2470 lecerunt
588 2427 610 2470 a,
633 2406 874 2472 Tertulliani
908 2406 1233 2488 testimonimum
1256 2423 1290 2468 er

330 2536 421 2618 hujus
454 2536 569 2601 silentio
605 2537 676 2600 satis
706 2539 786 2620 justa
820 2537 933 2601 ratione
968 2554 1026 2600 non
1064 2553 1182 2618 semper
1221 2533 1294 2600 efflei
1400 2555 1401 2616 r

334 2673 443 2746 queat,
473 2672 575 2730 utrum
600 2665 683 2730 loeus
707 2665 816 2748 aliquis
839 2666 870 2728 in
893 2663 994 2730 oodioe
1015 2665 1174 2732 ldareionis
1194 2633 1293 2729 extite-

334 2794 372 2858 rit
405 2812 461 2858 neo
495 2811 542 2858 ne.
587 2795 740 2880 Imprimis
770 2802 872 2860 autem
896 2794 1059 2882 onlpandos
1080 2813 1205 2877 oenseo,
1230 2813 1295 2860 eum

336 2923 533 3007 llahnium,
567 2933 632 2988 tum
666 2943 787 3002 omnes,
823 2925 894 3008 qui,
928 2924 1045 3006 uestigia
1085 2925 1149 3008 ejus
1186 2926 1296 3006 secuti,

336 3062 478 3138 eunotos,
498 3073 572 3138 quos
595 3075 612 3118 a
641 3054 888 3122 Tertulliano
909 3054 1129 3142 praetermissos
1151 3055 1298 3118 cernimus

337 3184 435 3265 leoos,
469 3203 598 3269 quorum
631 3204 733 3250 sensus
762 3184 920 3251 lllaroionie
944 3184 1059 3269 placitis
1083 3184 1183 3268 aliquo
1210 3184 1298 3250 modo

339 3311 484 3376 aduersari
517 3314 553 3378 iis
587 3313 758 3397 ridebatur,
787 3315 865 3380 hano
890 3316 985 3402 ipsam
1009 3315 1048 3378 ob
1071 3332 1135 3422 rem
1157 3315 1189 3378 in
1211 3315 1300 3398 hujus

306 3427 500 3524 'Euangelio
526 3441 653 3508 defuisse
678 3445 872 3530 statuantffl).
917 3443 1013 3510 lllulto
1034 3461 1104 3508 sane
1125 3445 1220 3510 tutius
1240 3445 1299 3508 ire·
1398 3497 1399 3500 ,

341 3573 398 3656 rit,
431 3573 502 3656 qui,
536 3573 575 3636 ab
605 3573 826 3660 Epiphanio
853 3593 988 3656 exorsus,
1009 3575 1099 3658 hujus
1119 3573 1207 3638 effata
1230 3593 1298 3638 eum

339 3703 376 3768 iis
398 3721 475 3787 quae
501 3703 780 3770 Tertullianus
805 3705 896 3768 habet
916 3702 1115 3788 eomparanda
1139 3703 1195 3768 sibi
1217 3721 1299 3767 sum·

338 3831 416 3896 serit.
462 3830 550 3911 Quod
572 3840 607 3898 ut
628 3833 713 3898 nobis
735 3842 894 3920 appareat,
916 3851 989 3916 age,
1012 3834 1109 3918 primo
1132 3833 1197 3900 loeo
1220 3833 1298 3898 breti

339 3971 501 4046 conspeetu,
531 3962 701 4046 rideamus,
731 3963 804 4047 qnid
828 3965 865 4028 ab
888 3964 939 4030 illo
961 3965 1046 4032 nobis
1069 3962 1222 4049 proditum
1244 3963 1298 4042 sit,

333 4105 571 4124 r-wn——u—-n

370 4169 684 4238 (tlctuanu‚1.1.p.
702 4170 735 4222 98
751 4187 788 4237 tq.

368 4254 781 4326 (tluttach1.1.l.p.48,6⁵
797 4270 835 4322 tq.
