2812 4992
553 385 733 446 -ili-

158 595 222 668 ut,
257 584 414 662 liureionis
448 583 555 669 pladite
591 585 635 652 rei
671 583 777 652 exinde
804 583 955 663 retollere,
980 587 1051 672 ipsis
1072 587 1128 654 illis

152 717 302 782 eooleeiae
330 714 499 782 dootorihus
530 713 615 781 tasilo
649 714 794 780 rideretur
828 716 1004 800 negotium,
1027 720 1126 784 neseio

155 865 201 912 au
236 845 294 910 tale
328 844 484 911 eonsilium
519 843 683 911 aduersario
705 863 759 910 sno
781 845 971 929 tribuissent,
995 848 1051 912 uisi
1077 828 1128 913 hio

157 978 193 1040 in
228 973 430 1042 dndtlresibus
462 974 544 1052 suis,
577 973 737 1058 Euangeiia
774 975 883 1059 quibus
915 976 1053 1042 utebatur
1076 995 1126 1044 ee·

158 1104 250 1170 elada
284 1103 371 1170 simul
395 1121 465 1168 oum
489 1102 643 1188 doetriua,
673 1123 751 1189 quae
770 1104 807 1170 iis
825 1106 1036 1191 spargebatur,
1059 1127 1131 1190 pnr-

160 1233 260 1318 ganda
294 1252 357 1298 esse
394 1234 457 1318 ipse
490 1240 580 1300 antea
609 1232 763 1301 dounisset.
810 1233 951 1320 Alioquin
977 1236 1128 1320 quomodo

160 1364 326 1448 seripsisset
348 1363 646 1445 Tertullianus,
674 1381 751 1452 quae
769 1367 836 1450 jam
858 1367 974 1451 menius
997 1363 1130 1432 landari-

159 1513 233 1560 mns
254 1493 339 1558 rerba
363 1490 440 1576 (adr.
464 1491 551 1557 Haer.
577 1491 628 1556 lv.
656 1491 711 1576 ej:
742 1502 851 1558 »uerte
873 1503 1028 1580 propterea
1056 1514 1150 1598 σου-ι

160 1651 178 1682 a
192 1624 280 1688 traria
303 1641 439 1707 quaeque
455 1623 616 1688 sententiae
639 1641 709 1688 suae
727 1623 834 1704 erasit,
847 1624 1042 1708 oonspirantia
1058 1643 1127 1692 eum

160 1782 177 1814 ι
196 1753 359 1836 Creatore,
380 1753 464 1836 quasi
487 1752 526 1816 ab
549 1752 740 1818 assertoribus
762 1754 829 1837 eins
850 1755 985 1835 intexta,
1007 1771 1131 1839 eampo·

161 1913 178 1946 ι
196 1884 290 1950 tentia
306 1890 409 1960 autem
425 1882 587 1946 sententiae
602 1899 673 1946 suae
689 1882 842 1946 reservavit
852 1878 878 1963 ,‘’
893 1919 934 1932 -·
949 1899 1043 1965 quum
1058 1900 1129 1948 mox

162 2016 315 2082 affirmare
337 2012 392 2078 sibi
413 2030 498 2097 posse
520 2009 692 2093 rideretur,
706 2029 741 2075 ea
755 2057 765 2094 ,
779 2028 856 2094 qnae
875 2012 907 2076 in
927 2009 1037 2078 codiee
1051 2009 1131 2076 ldar-

161 2146 301 2214 eionitiro
340 2143 526 2209 machaeram
562 2141 740 2222 eritament,
782 2141 899 2204 nonnisi
937 2141 1132 2206 »haereticae

167 2273 346 2343 eeaeeitatis
367 2271 452 2338 ritio”
474 2278 584 2334 serrata
609 2275 697 2335 ossei
742 2268 864 2337 Collatis
888 2271 934 2336 his
961 2269 1048 2336 dietis
1076 2290 1132 2357 pa·

174 2411 238 2466 tere
255 2403 368 2486 opinor,
391 2399 689 2466 Tertullianum
710 2417 771 2466 non
791 2401 944 2484 proprium
964 2419 1053 2466 sunm
1076 2401 1132 2466 de·

174 2530 251 2596 duee
267 2529 435 2618 judicium,
450 2531 566 2613 quoties
584 2529 767 2595 lilaroionem
788 2555 803 2586 a
819 2528 857 2594 ad
877 2531 1031 2596 materiam
1046 2549 1131 2598 suam

168 2689 182 2718 s
200 2661 322 2728 enodem
345 2663 557 2746 seripturarum
572 2657 747 2726 oonieuisse”
761 2658 901 2744 tradidit,
919 2659 972 2727 sed
988 2665 1133 2748 respexis-

165 2811 196 2858 se
217 2793 311 2878 ipsius
333 2791 447 2858 Pontioi
483 2789 521 2854 de
558 2788 775 2854 eradendornm
805 2790 971 2856 multorum
995 2792 1130 2858 looorum

164 2923 360 3004 necessitate,
397 2928 484 3005 prout
519 2938 587 2984 eam
623 2937 659 2982 er
694 2917 895 2983 Antithesibns
932 2945 947 2976 s
968 2919 1128 3002 Euangelio

162 3047 371 3138 praestruetid'
394 3051 438 3135 (l)
461 3056 644 3131 cognoverat.

211 3182 301 3248 Arete
323 3189 425 3246 antem
448 3179 521 3244 haee
543 3177 676 3260 quaestio
700 3177 836 3242 oohaeret
858 3195 928 3246 oum
950 3178 1039 3244 altera
1063 3179 1129 3244 iiia:

164 3329 270 3386 utrum
306 3319 402 3384 laneae
437 3315 655 3398 Euangeliou,
685 3331 719 3376 ea
748 3330 806 3396 qna
829 3312 860 3376 in
885 3309 1007 3377 Canono
1034 3319 1132 3378 nostro

165 3458 261 3514 exstat
282 3448 399 3529 torma,
421 3444 563 3518 Marcioni
586 3444 747 3510 innotuisse
769 3441 952 3508 oensendum
976 3425 1040 3506 eit?
1073 3440 1129 3505 Gni

165 3581 206 3644 ita
227 3575 386 3662 respondet
407 3573 655 3640 liitsohelius
677 3579 851 3653 utstatnat,
874 3590 892 3635 e
913 3570 1131 3636 Tertullia-

166 3711 205 3773 ni
229 3706 325 3772 ellatis
346 3707 402 3769 hoo
426 3705 600 3787 neutiquam
623 3701 740 3787 probari
765 3719 849 3784 posse
873 3698 927 3784 (Ξ).
957 3699 1133 3766 Provooatur

168 3837 293 3922 quidem
317 3834 354 3898 ab
376 3833 531 3897 llnhuio
554 3833 598 3914 (δ’)
621 3851 689 3896 enm
715 3830 751 3895 ad
778 3831 856 3907 alia,
880 3838 946 3893 tnm
969 3828 1007 3894 ad
1027 3831 1134 3894 haecce

166 3988 389 4006 ‘Qu—-

205 4082 240 4149 (1)
258 4079 407 4130 Tertull.
423 4079 478 4128 eds.
497 4077 569 4128 llere.
587 4077 629 4127 lV.
647 4077 671 4127 6.

206 4169 241 4235 (a)
257 4167 275 4218 r.
293 4169 310 4217 r.
328 4185 353 4234 p.
369 4165 403 4218 aa
420 4181 474 4232 sqq.

206 4253 241 4320 (a)
258 4254 275 4303 r.
293 4253 310 4303 r.
328 4269 352 4320 p.
370 4253 427 4306 rae.
