2834 4996
729 359 908 422 -luo-

340 547 470 642 legatum
502 579 532 624 se
562 561 663 625 haberi
698 563 787 627 rolnit
816 563 987 629 Dominus?
1024 559 1170 626 Creatoris
1189 580 1212 624 s
1235 550 1309 626 De'·

342 692 469 773 minrgi,
504 693 587 776 cnjus
621 709 747 774 regnum
770 690 971 757 destructurus
991 691 1022 780 in
1045 699 1154 755 terrum
1178 688 1312 755 descen·

341 816 457 894 deust,
479 818 584 884 Absitl
618 819 731 901 Quodsi
750 823 839 904 igitur
862 841 931 886 cnm
954 821 1103 887 Marcione
1125 819 1224 884 Deum
1250 821 1312 886 bo·

340 967 415 1013 num
444 951 628 1032 cogitemus,
663 951 813 1036 quomodo
838 952 975 1034 llosem,
997 950 1092 1014 Elium
1119 957 1149 1012 ot
1171 948 1311 1032 redonus
1392 1041 1393 1050 ἵ

343 1077 505 1163 Prophetas
527 1079 565 1143 nb
587 1081 643 1146 hoc
665 1081 768 1147 missos
800 1081 887 1146 luisse
917 1081 1107 1166 putabimus,
1128 1097 1224 1162 qnnm
1259 1081 1310 1144 liic
1392 1051 1393 1054 Ἴ

339 1191 421 1272 Deus
453 1209 484 1271 in
511 1207 628 1274 Christo
649 1212 781 1295 primurn
804 1227 866 1275 sose
890 1203 1030 1277 revolasse
1056 1207 1197 1272 dicutur?
1244 1208 1306 1272 Vc-

339 1338 577 1422 rnmcnimrero‚
599 1347 634 1404 nt
656 1336 890 1422 Schwcgleri
913 1336 1149 1423 inexplicabilom
1170 1354 1304 1402 errorem

339 1467 464 1532 ulterius
484 1468 693 1553 exploremus,
714 1488 774 1536 non
797 1487 871 1555 opus
894 1479 958 1550 est,
981 1465 1204 1554 cumides,
1227 1485 1301 1552 quse

335 1599 404 1680 jem
431 1597 606 1663 Helonius
628 1599 673 1683 (l)
701 1607 731 1662 ct
753 1597 1041 1664 Olshsnsenins
1062 1597 1107 1682 (9)
1129 1597 1187 1661 hnc
1208 1595 1242 1660 de
1265 1615 1295 1660 rc
1392 1619 1393 1676 r

340 1725 586 1812 disputaverunt,
609 1747 778 1831 provocasse
801 1729 935 1795 sufficiat.

383 1855 467 1939 Quae
490 1855 618 1943 deniqne
641 1877 727 1924 ceusu
752 1878 767 1922 a
795 1856 1046 1941 Schweglcro
1068 1857 1166 1922 efferri
1197 1856 1293 1942 possit,

340 2005 393 2050 our
414 1986 496 2053 locus
518 1987 596 2053 xxi.
624 1991 710 2052 t-t
733 1989 874 2053 Marcioni
901 1989 945 2053 rel
967 1988 1114 2073 imprimis
1144 1986 1297 2052 serrandus
1392 1999 1393 2012 ¹

339 2114 461 2194 luisset,
485 2136 603 2202 prorsus
631 2135 682 2184 mc
703 2119 783 2184 latet
831 2118 1018 2185 Contrarium
1052 2119 1149 2203 potius
1180 2118 1318 2201 probsri‘

337 2265 443 2332 posse,
467 2267 554 2333 snpra
585 2267 676 2313 arne
699 2247 813 2314 dictum
839 2249 973 2312 memini.
1018 2247 1150 2314 Necdum
1179 2254 1293 2310 mutatu

337 2395 404 2441 mes
439 2379 494 2442 hoc
525 2375 562 2442 do
590 2397 622 2444 ro
648 2379 815 2462 sententis,
838 2379 965 2443 uberiori
989 2378 1028 2442 dc
1050 2396 1084 2446 cs
1108 2376 1294 2462 disputationi

337 2525 417 2571 nunc
439 2509 503 2593 jum
527 2506 717 2592 supersedero
739 2525 789 2572 mc
810 2525 895 2592 posse
918 2511 1029 2592 putori.

758 2729 881 2748 *ηε-μ

380 2893 407 2956 Α
444 2890 688 2977 Schweglcro
727 2896 852 2981 jumjnm
894 2894 934 2961 sd
966 2893 1235 2998 Ititschelium'
1267 2904 1293 2958 et

335 3024 499 3089 Brutum
528 3043 581 3090 nos
604 3033 816 3091 convertemus.
859 3024 998 3103 Scilicet,
1029 3024 1110 3110 quod
1134 3025 1184 3090 illc
1207 3037 1293 3110 nopo-

334 3155 417 3232 tico,
441 3163 475 3220 nt
502 3156 543 3219 its
566 3154 683 3238 dicum,
718 3154 918 3221 demonstrare
947 3165 1070 3222 cunutus
1098 3164 1161 3238 cst,
1195 3158 1295 3239 vulga·

333 3303 397 3350 rom
418 3303 481 3352 csse
499 3284 693 3352 deserendum
726 3287 926 3368 sententium,
960 3288 1101 3370 quonium
1135 3285 1294 3351 discrimen

332 3413 430 3480 Lucro
463 3415 540 3479 inter
572 3423 603 3480 ct
632 3414 788 3484 llsrcionis
818 3415 977 3497 Euangelin
1015 3433 1053 3481 ex
1088 3435 1123 3481 cu
1155 3416 1295 3503 explicari

332 3563 396 3612 non
414 3547 528 3632 possit,
560 3543 592 3610 id
617 3545 716 3632 ipsum
737 3554 772 3611 nt
793 3544 1007 3624 concedemus,
1030 3547 1063 3610 lui
1076 3564 1218 3630 qnoque,
1245 3545 1295 3612 sed

329 3674 476 3758 positivis
497 3677 541 3741 usi
565 3676 746 3753 rationibus,
768 3677 927 3762 impetrare
948 3696 966 3742 a
990 3675 1075 3742 nobis
1096 3674 1294 3759 studuerunt,

375 3985 387 4035 1
415 3986 433 4038 l.
450 3986 468 4038 1.
504 3987 584 4039 ,teu

362 3984 399 4138 223
415 4087 428 4121 t
446 4004 505 4124 llssps
520 4074 646 4127 nslrmliclr
662 4075 702 4126 din
716 4076 857 4143 Prophelen
872 4076 920 4128 wie
936 4076 980 4130 der
995 4077 1061 4129 Solon
1077 4089 1126 4125 ron
1141 4074 1222 4124 einum
1239 4071 1289 4122 und

329 4159 470 4212 dnmeelbsn
484 4161 544 4212 Gott
558 4161 721 4228 surgerendel
735 4163 851 4226 werden,
869 4163 1024 4214 verniolum
1039 4161 1081 4212 des
1094 4155 1288 4212 llsrsionilioolre

304 4307 307 4320 ι
328 4247 423 4313 Sputum
441 4264 466 4298 rr.
484 4262 504 4297 r.
521 4252 572 4297 w.'’
