2864 4996
731 393 892 453 „52-

259 605 261 610 ’
328 597 417 660 bins
439 593 522 677 (Hist.
546 591 621 655 Eooi.
646 591 695 655 tib.
719 592 754 656 V.
779 611 804 657 o.
833 594 887 678 to)
910 595 1051 674 ναύτην,
1074 588 1289 654 Tertullia-

328 747 399 792 nus
420 729 529 813 pariter
550 726 624 810 (adr.
649 726 740 792 Maro.
763 728 788 791 1.
806 725 1083 810 tdpoouolorum,
1098 743 1167 790 eum
1185 729 1292 811 appet-

326 859 467 922 iavorunt.
513 857 581 922 Mox
606 865 707 922 autem
731 855 850 926 oonsilio
873 861 988 920 monto
1006 855 1125 920 hortatu
1138 905 1147 932 ,
1161 863 1194 920 ut
1203 855 1291 921 rido-

325 998 374 1051 tur
395 988 506 1071 patris,
529 987 619 1049 vitam
642 985 830 1050 monachiam
853 992 899 1048 ost
921 983 1075 1069 ampiexus
1094 985 1147 1069 (1).
1176 983 1216 1049 At
1233 1003 1290 1068 pa·

323 1123 486 1183 rurusroto
521 1113 672 1198 respondit
704 1122 832 1178 euentus.
880 1113 996 1178 Etenim
1029 1116 1141 1202 χρόνον
1164 1121 1290 1203 arpotis.

323 1276 375 1327 τος
396 1283 437 1294 -
459 1253 529 1310 sunt
549 1243 635 1308 verba
661 1244 877 1327 Epiphanii
905 1246 925 1310 Ι.
948 1246 966 1308 Ι.
988 1245 1033 1330 (9)
1055 1281 1096 1292 ·-
1118 1253 1288 1338 weom-

322 1381 411 1464 perat
439 1383 574 1466 παρθένῳ
600 1381 686 1462 τιν),
716 1381 770 1446 καὶ
796 1380 1006 1462 ἐξαπατήσας
1037 1385 1095 1461 τὴν
1115 1385 1290 1470 παρθένον,

322 1518 387 1585 ἀπὸ
418 1526 490 1595 τῆς·
511 1517 643 1592 ἐλπίδος·
672 1515 772 1591 αὐτήν
802 1539 839 1582 τε
869 1515 925 1584 καὶ
951 1516 1062 1586 §otardo
1085 1516 1287 1587 santones.

224 1734 230 1746 x
323 1643 445 1730 Propter
473 1646 553 1728 quod
577 1656 737 1731 stuprum,
767 1665 885 1730 quum,
909 1647 946 1710 ab
969 1647 1033 1731 ipso
1056 1654 1139 1732 patre
1163 1665 1180 1709 a
1203 1665 1289 1712 eom.-

322 1773 462 1842 m'unione
485 1776 624 1842 eeclesiae
648 1785 801 1853 remotos,
834 1774 939 1842 trustra
977 1776 1092 1842 reniam
1126 1777 1288 1860 impetrare

321 1916 442 1972 conatus
474 1914 570 1984 osset,
617 1906 744 1973 Romam
780 1904 930 1989 protootus
966 1915 1033 1987 est,
1067 1923 1189 1989 sperans
1223 1904 1287 1972 foro

321 2048 353 2100 ut
378 2036 438 2101 iilic
460 2038 490 2099 in
513 2037 667 2101 oooiesiam
689 2037 877 2120 reoiparotnr.
922 2033 963 2098 At
988 2035 1046 2100 roti
1077 2053 1137 2101 non
1152 2053 1285 2120 ,oompos

318 2176 363 2229 est
389 2165 506 2246 iaetus,
539 2164 686 2249 quidquid
720 2165 756 2228 ad
793 2166 908 2230 animos
932 2163 1146 2232 inumbrandus
1169 2173 1201 2230 et
1227 2167 1281 2230 sibi

320 2291 518 2359 eonoitiaodos
531 2301 672 2357 tentasset
690 2293 742 2377 (5).
789 2291 944 2376 Tandem,
966 2301 1126 2379 postquam
1149 2293 1282 2362 doeentis

320 2425 458 2488 sestertiis
480 2441 585 2506 paoem
608 2441 676 2487 oum
704 2423 825 2487 emissis
852 2442 951 2488 emere
985 2425 1040 2488 sibi
1065 2423 1169 2489 trustra
1193 2445 1287 2491 oona·
1407 2421 1408 2436 ¹

322 2563 369 2616 tus
390 2552 455 2638 (1),
489 2555 519 2615 in
544 2563 723 2636 perpetuum
747 2551 904 2618 discidium
928 2553 1074 2635 relegatus
1095 2564 1188 2632 osset,
1211 2554 1279 2614 irati

320 2683 411 2745 animi
435 2685 582 2764 impetum
606 2691 742 2747 sooutus:
773 2711 787 2738 ν
803 2681 874 2764 egd’
897 2685 1029 2764 iuquit-s
1045 2681 1153 2746 tindam
1182 2680 1280 2744 eonte-

319 2839 333 2867 ν
348 2809 449 2876 siam.''
495 2811 564 2877 Mor
586 2831 617 2875 se
640 2811 677 2876 od
700 2811 887 2894 Cerdonem,
911 2813 1119 2898 philosophum
1143 2811 1283 2895 gnosticis

194 3001 199 3017 ,
319 2943 465 3007 erroribus
486 2940 620 3005 deditum
645 2942 708 3025 (11),
733 2942 879 3022 eontulit,
907 2943 1054 3026 thusqoe
1079 2942 1228 3027 disoipuiis
1249 2961 1283 3006 se

318 3074 463 3136 accenseri
487 3072 578 3138 votuit
601 3069 662 3156 (d);
686 3090 783 3153 oeque
806 3073 845 3136 ita
869 3071 921 3137 din
944 3073 1284 3157 post‚qunmhaoreti·

315 3221 382 3266 eam
404 3200 569 3267 doctrinam
593 3204 656 3285 ipse
678 3221 762 3265 suam
785 3221 921 3285 spargere
948 3203 1113 3287 coepisset,
1127 3205 1284 3284 ingentem

314 3372 515 3393 w

349 3489 384 3555 (1)
401 3493 522 3559 Epiph.
539 3493 558 3555 1)
576 3494 593 3543 1.

348 3575 434 3642 (1)(11.
459 3578 551 3638 etism,
574 3594 639 3643 quae
664 3580 909 3630 Tertullianus
943 3579 973 3627 do
1002 3577 1087 3628 eadem
1112 3593 1139 3626 rs
1162 3577 1281 3627 tradidit:

315 3661 346 3710 do
361 3661 505 3728 praescript.
521 3662 576 3714 adr.
592 3663 662 3714 Haer.
679 3664 704 3715 C.
721 3665 761 3715 51.
777 3686 806 3702 -
825 3665 935 3728 naun,
953 3667 970 3717 1.
988 3665 1005 3716 1.
1022 3682 1047 3731 p.
1065 3663 1131 3726 178,
1149 3664 1282 3714 veritatem

313 3743 390 3811 hujus
405 3747 463 3796 sacti
479 3748 505 3797 io
521 3749 624 3800 dubium
640 3753 743 3801 vocarit.

346 3829 433 3898 (3)(11.
455 3833 687 3901 Hieronymus
703 3838 729 3886 in
750 3835 855 3904 epistola
874 3835 905 3885 ad
929 3834 1186 3902 Gtatiphontom-adr.
1209 3836 1281 3886 Peta-

312 3921 413 3984 piauos,
429 3919 496 3970 Tem.
514 3921 547 3972 11.
566 3939 590 3987 p.
607 3922 664 3974 253.

344 4002 378 4070 (d)
396 4005 541 4056 Tertull.
559 4007 590 4057 do
605 4023 711 4074 praeter.
727 4009 782 4060 adr.
799 4007 869 4060 mse.
886 4009 912 4060 C.
928 4008 970 4060 311.

340 4091 376 4157 (5)
393 4092 541 4143 Tertuii.
559 4093 590 4142 ria
604 4109 710 4158 praescr.
725 4093 781 4144 adr.
795 4092 866 4146 iiaar.
884 4095 910 4146 C.
927 4093 967 4146 51.
977 4119 1009 4148 ι,-
1024 4093 1221 4149 Adr.ilore.1V.
1232 4091 1276 4143 1⁷.

339 4179 373 4246 (6)
391 4179 540 4229 Tertnlt.
557 4179 612 4227 adr.
629 4180 702 4236 Maro.
720 4180 740 4230 1.
754 4179 778 4232 1.
799 4197 827 4214 ··
844 4180 1056 4247 Epiphanius
1073 4179 1091 4230 1.
1108 4180 1126 4231 1.
1150 4178 1277 4228 -Phi-

304 4268 453 4317 iastrius
472 4267 502 4316 de
519 4260 669 4316 haeresibus.
687 4282 711 4332 p.
729 4266 771 4317 11.
