2812 4992
498 404 680 492 ..117-

109 604 185 688 quod
210 604 362 689 ejusmodi
386 577 446 670 'sint
473 607 601 687 indutis,
624 615 658 670 ut
679 608 768 670 etiam
796 606 922 672 fautores
943 609 1070 679 Marcio·

103 738 145 799 nis
164 755 220 816 ca,
245 737 270 800 si
298 752 363 800 aera
387 745 507 816 cuent,
530 735 560 798 in
584 755 652 802 snos
669 755 739 802 usus
762 734 901 803 adhibere
924 740 1068 822 quodam·

103 864 191 932 modo
214 874 337 950 possent
358 862 422 948 (i).

144 995 182 1058 tt
209 996 339 1059 minime
362 994 640 1078 praetcraidcndum
661 994 756 1074 duco,
779 995 860 1078 quod
884 1015 900 1058 a
925 999 1070 1063 ueteribus

104 1145 157 1188 non
180 1125 281 1190 solum
306 1124 413 1189 diserte
437 1123 511 1188 tradi
535 1125 691 1202 novimus,
715 1124 766 1188 sed
794 1125 936 1210 exemplis
950 1145 1069 1210 quoque

104 1255 331 1339 comprobatum
373 1253 522 1337 fidicine,
564 1255 829 1320 Marcionitorcen
869 1275 986 1322 morem
1028 1259 1067 1322 ita

104 1386 217 1461 tulisse,
244 1393 280 1449 ut
302 1382 436 1467 quotidie
460 1384 544 1466 quasi
569 1401 658 1449 nouas
679 1386 858 1451 mutationes
874 1387 905 1450 in
919 1385 949 1452 S.
966 1385 1068 1472 Scrip-

104 1529 196 1585 turam
233 1518 432 1601 inducerent,
467 1539 503 1583 cx
539 1537 634 1602 eaque
670 1520 825 1585 tollerent:
861 1515 922 1588 icc
951 1521 991 1589 iv
1020 1525 1066 1602 pii

106 1653 266 1738 conanime
287 1663 338 1738 ep
370 1655 474 1722 coroa
500 1655 611 1738 propp
631 1653 676 1738 (2)
720 1653 779 1718 Etsi
814 1656 893 1719 enim
931 1655 1068 1737 magister

106 1807 155 1854 uec
179 1809 321 1874 semper,
347 1807 401 1853 nec
425 1790 586 1854 necessario
610 1808 736 1868 eorum,
771 1808 847 1873 quae
874 1809 890 1853 a
916 1788 1067 1873 discipulis

109 1930 278 2002 peccantur,
300 1919 363 2002 ipsc
385 1937 452 1983 reus
474 1917 629 1984 habendus
653 1920 689 1984 sit
709 1919 773 2004 (ὅ),
795 1917 941 2002 ejusmodi
966 1927 1065 1983 tamen

112 2048 351 2114 consuetudinem
371 2047 408 2111 ab
427 2049 498 2134 ipsis
515 2049 672 2114 Marcionis
690 2048 822 2114 moribus
844 2049 889 2114 vix
911 2048 1068 2113 abhorrere

112 2181 233 2262 potuisse
256 2177 337 2242 haud
361 2179 465 2261 injuria
492 2173 650 2260 etcineris3
672 2196 707 2244 co
736 2179 856 2260 minos,
879 2197 939 2262 qno
961 2179 1069 2244 certius

119 2307 225 2371 aiiundc
246 2316 390 2392 apparot,
413 2295 506 2372 teitaun
531 2306 682 2373 doctrinae
700 2310 765 2392 ejus
788 2285 919 2374 indolem
943 2309 983 2372 ita
998 2325 1066 2394 poe·

126 2433 240 2512 tuinsce,
268 2445 298 2502 ut
326 2457 385 2503 non
408 2473 449 2486 -
472 2455 541 2501 cnm
565 2425 776 2502 Valentinianis
798 2473 839 2486 -
865 2465 880 2495 ι
898 2439 1067 2504 materiam

92 2643 97 2656 ·
123 2561 161 2625 od
176 2567 340 2649 scripturas
354 2563 379 2648 ,⁰
402 2565 454 2630 sed
478 2575 576 2632 contra
600 2562 802 2649 ··acrtpccrcs
820 2567 862 2630 od
880 2567 1066 2632 moteriom'’

118 2697 283 2777 excogitaret
307 2698 360 2780 (4).

535 2829 560 2906 §.
596 2827 635 2888 ll.

179 3004 400 3068 Eccotieotnr
421 3020 492 3066 com
514 3007 676 3082 ueterem,
700 3009 767 3065 tom
790 3004 997 3067 recentiorem

265 3135 303 3196 de
326 3131 499 3197 Marcionis
522 3129 702 3212 Apostoiico
724 3133 905 3195 sentenciioe.

141 3331 298 3398 Provooaci
323 3329 456 3396 secondo
486 3327 552 3394 loco
574 3346 591 3390 a
614 3326 747 3409 vulgatae
769 3328 917 3412 opinionis
939 3327 1060 3396 fautori-

100 3461 152 3527 bus
183 3459 222 3525 ad
245 3463 388 3527 tationem
412 3460 504 3540 solet,
527 3459 697 3540 quantiam
715 3459 819 3522 ceteris
837 3457 868 3522 S.
891 3456 1060 3546 scripturae

99 3613 315 3628 ..anun—-

130 3685 170 3752 (1)
188 3683 245 3735 vid.
261 3701 328 3749 tupr.
345 3702 369 3751 p.
385 3685 426 3736 50.
450 3683 649 3745 -ct.11aun‚
666 3684 683 3734 Ι.
699 3682 716 3733 1,
733 3699 758 3748 p.
776 3680 827 3732 277
843 3698 897 3747 sqq.

131 3771 172 3841 (2)
188 3769 266 3820 litai.
286 3769 469 3835 Pseudorig.
491 3771 522 3820 de
541 3776 609 3821 recte
626 3771 690 3831 fide,
708 3770 752 3821 Ed.
768 3769 945 3830 Wcictein,
962 3784 988 3834 p.
1005 3767 1061 3820 147.

100 3860 136 3911 Gi.
154 3855 289 3908 Tertull.
306 3855 361 3906 cdv.
379 3857 452 3907 lure.
468 3857 511 3909 IV.
528 3859 553 3908 5.

135 3943 174 4012 (3)
193 3960 205 3991 t
224 3943 307 3992 Weun
331 3957 387 3992 man
410 3959 457 3992 nou
482 3944 566 3994 diesen
589 3945 724 3996 Vecfihren
748 3945 792 3994 der
815 3943 920 3993 Schiiier
945 3943 992 3992 aui
1014 3943 1063 3992 den

102 4033 204 4082 Meister
222 4023 450 4079 aurfiekcchiieiccn
472 4030 572 4092 volite,
589 4047 617 4080 co
633 4037 697 4084 wire
714 4030 766 4081 dice
781 4031 821 4080 eiu
838 4045 868 4078 au
884 4028 995 4089 ischnon,
1014 4028 1066 4077 und

103 4119 144 4168 bic
157 4117 220 4179 jetti
235 4116 315 4165 dunch
332 4116 414 4166 nicht·
431 4113 599 4181 bereehtigter
614 4111 741 4167 senlunx‘
764 4115 897 4166 Ritcchi.
914 4116 931 4166 i.
948 4116 965 4166 i.
983 4131 1007 4180 p.
1024 4113 1065 4165 37.

139 4200 174 4269 (i)
192 4202 224 4250 Ut
244 4203 278 4252 nit
299 4202 432 4254 Tertuli.
455 4202 485 4253 de
508 4203 614 4254 Praeter.
637 4203 691 4257 ndu.
709 4201 777 4253 licor.
798 4202 951 4254 cxxxvlii.
969 4225 1004 4241 ·-
1031 4199 1066 4248 Ci.

106 4289 207 4350 licie,
226 4287 243 4338 1.
261 4288 277 4340 Ι.
295 4305 319 4356 p.
339 4287 379 4340 48.
1043 4295 1046 4302 ’
