2864 4996
697 397 738 418 *v
759 366 839 425 θ’·ιι·

287 553 337 646 jon
362 580 429 626 nvn
448 566 567 636 teodoro
586 581 674 630 utum
696 561 785 632 tutuo
807 565 1025 648 statuentibno3
1048 563 1156 630 sedeo
1181 581 1248 644 qra-

185 657 217 796 Δί
289 689 351 756 rior
373 708 493 774 qnoque
515 691 593 782 teoto*
614 701 658 757 est
691 695 845 776 quaestio,
882 712 942 777 quo
975 691 1073 758 minor
1095 690 1253 756 dubitandi

291 828 336 884 est
369 819 471 900 loono,
503 823 576 906 qnin
606 823 790 907 oonjnnotim
820 842 890 888 onrn
919 822 983 890 etio
1008 839 1189 906 magnopere
1216 820 1257 884 ed

296 949 518 1038 dijudicandam
545 952 769 1036 valenterium,
801 972 895 1036 quom
928 954 1007 1018 hisee
1020 952 1253 1036 temporibuoa

293 1083 444 1158 nonnullis
469 1084 597 1150 exoroeri
619 1058 779 1166 videntne,
809 1083 896 1148 orisin
921 1084 987 1167 ajo,
1024 1102 1116 1166 quom
1140 1082 1256 1148 'l'uhin-

293 1231 414 1308 qeneern
429 1231 601 1297 nunoupore
616 1214 841 1291 oonsuorimno,
857 1221 1013 1298 propterea
1031 1213 1112 1295 quod
1128 1233 1145 1278 e
1159 1212 1258 1278 schola

295 1341 414 1406 Bauri
435 1342 632 1425 Tubingeneis
647 1343 862 1427 presentarunt,
883 1346 991 1426 eoique
1003 1345 1060 1408 hoo
1075 1342 1119 1408 rei
1130 1345 1261 1408 maxime

295 1481 341 1551 ost
362 1473 565 1556 propositum,
586 1482 685 1557 spreto
705 1473 863 1544 traditione
887 1473 1102 1555 ecelesiastica,
1124 1489 1162 1537 ex
1178 1474 1260 1557 ipso-

296 1620 364 1666 rum
387 1602 530 1668 librorum
551 1605 761 1674 onnoniooruuo
784 1604 885 1670 indoie
906 1613 938 1668 et
961 1604 1199 1688 compositione,
1222 1604 1261 1668 od

218 1731 231 1746 ⁸
297 1750 461 1814 quamnam
486 1740 614 1808 netnteqr
643 1735 836 1818 pertineant,
865 1734 967 1817 qualos
994 1743 1128 1800 nuotores
1149 1735 1260 1800 habue-

297 1863 378 1945 rint,
408 1881 599 1947 qnonomqne
638 1865 758 1932 oonsilio
800 1867 956 1949 oonsoripti
995 1866 1075 1946 sint,
1116 1864 1260 1946 ooitiqere.

300 1991 412 2072 Quodsi
437 2013 569 2080 nempe,
603 1986 742 2068 omnibus
764 1996 820 2060 rito
854 1997 1042 2080 perquisitis,
1072 1997 1181 2060 infitias
1203 2015 1261 2061 non

299 2141 458 2206 poesanuq
477 2125 539 2205 iro,
562 2123 808 2190 aduiterotioneru
825 2121 855 2190 S.
872 2122 1042 2208 Soriptnree
1054 2125 1196 2192 dioroioni
1215 2129 1263 2190 iu·

296 2253 374 2335 jurio
401 2253 517 2327 urimini
543 2251 775 2334 detumuisse,
809 2252 938 2334 amplius
973 2272 1079 2335 negare
1106 2256 1151 2318 rix
1178 2264 1263 2338 poto·
1389 2289 1392 2292 ·

303 2384 417 2461 umus,
459 2382 625 2447 Bonrum
661 2401 730 2446 oum
762 2383 822 2446 onio
854 2381 936 2447 houd
960 2383 1071 2468 absque
1101 2387 1168 2468 iure
1203 2394 1264 2448 tro·

304 2511 447 2576 ditionem
471 2510 649 2595 repudiare,
670 2532 770 2594 quoe,
795 2512 868 2580 dum
902 2513 1060 2577 Pontioum
1083 2514 1264 2576 haereticum

304 2641 423 2725 onipere
456 2641 538 2705 hond
571 2649 708 2722 voretur,
741 2641 1031 2725 loeupletissimaque
1061 2639 1191 2723 eorrupti
1227 2640 1265 2708 ab,

226 2851 228 2855 ι
302 2771 352 2835 itio
376 2768 407 2834 S.
432 2767 600 2855 Soripturne
636 2779 732 2842 tentus
755 2769 850 2841 adfert
880 2769 1068 2852 testimonie,
1091 2778 1121 2832 et
1151 2770 1212 2853 ipen
1235 2787 1266 2832 so

303 2901 365 2964 tutti
404 2919 487 2986 possa
520 2907 585 2978 est,
625 2909 656 2964 et
687 2897 774 2965 uobis
812 2899 883 2964 toton
922 2917 975 2984 pro
1013 2900 1087 2963 reris
1128 2896 1266 2984 prodidit.

306 3030 434 3114 Contio,
467 3032 491 3104 si
527 3031 613 3104 notris
633 3039 734 3116 potet,
763 3029 945 3104 Moroionom
980 3047 1081 3116 reepeo
1105 3028 1180 3096 ,talei
1211 3030 1268 3092 ori·

307 3163 395 3226 minis
422 3180 507 3228 reum
542 3160 653 3243 idone,
688 3161 794 3227 exinde
823 3158 946 3243 quidem
981 3177 1041 3226 non
1075 3158 1176 3224 statim
1197 3177 1269 3224 oon·

307 3293 463 3374 seqnitur,
485 3291 635 3356 traditioni
657 3292 868 3366 eoolesiostiene
890 3292 923 3354 in
945 3289 1050 3354 ueteris
1074 3291 1183 3372 pariter
1202 3307 1269 3354 om-

307 3385 405 3486 nibus¹
418 3419 510 3484 fidem
533 3439 595 3484 osse
618 3381 861 3499 habendamqnt
891 3420 948 3482 hoo
975 3426 1076 3486 tamen
1095 3418 1225 3496 oluoot‚·
1238 3421 1269 3482 iu

309 3570 406 3621 errore
428 3569 490 3614 esse
502 3598 514 3633 ,
528 3555 676 3632 quotquot
698 3566 766 3611 oum
789 3547 877 3632 plone
897 3547 982 3616 nihili
1003 3546 1128 3626 iaciant,
1144 3549 1269 3614 simulne

309 3681 517 3767 prnoJudiontis
539 3680 672 3764 ipsorum
693 3676 881 3761 opinionibus
902 3675 1038 3742 ohtoouto
1061 3678 1107 3742 eit.
1154 3677 1267 3753 Porro,

309 3814 335 3875 si
358 3811 527 3875 oritioornm
549 3806 784 3890 Tubinqensintn
815 3806 852 3870 de
882 3806 1030 3872 Moroione
1064 3806 1208 3872 eontentio
1237 3807 1268 3868 in

310 3939 501 4025 disceptando
534 3937 751 4025 praevoluerit,
781 3939 825 4000 rix
848 3936 931 4001 utitor
958 3937 1020 4000 fleri
1044 3935 1172 4019 poterit,
1187 3935 1267 4026 'quin

310 4072 400 4134 etiem
431 4071 534 4134 notorie
570 4087 674 4135 eorum
696 4069 811 4153 plaoitis
833 4085 973 4148 magnam
999 4066 1057 4126 rim
1079 4063 1244 4126 tribuamus
1257 4085 1269 4140 ,-

310 4221 402 4301 quum
430 4201 571 4278 nimirum
595 4201 667 4266 haee
704 4199 811 4300 pituita
845 4199 923 4275 sint,
960 4196 990 4259 in
1029 4192 1135 4292 quibus
1163 4189 1265 4270 deserte
