<?xml version="1.0" encoding="UTF-8"?>
<!DOCTYPE html PUBLIC "-//W3C//DTD XHTML 1.0 Transitional//EN"
    "http://www.w3.org/TR/xhtml1/DTD/xhtml1-transitional.dtd">
<html xmlns="http://www.w3.org/1999/xhtml" xml:lang="en" lang="en">
 <head>
  <title>
</title>
<meta http-equiv="Content-Type" content="text/html;charset=utf-8" />
  <meta name='ocr-system' content='tesseract 3.04.00' />
  <meta name='ocr-capabilities' content='ocr_page ocr_carea ocr_par ocr_line ocrx_word'/>
</head>
<body>
  <div class='ocr_page' id='page_1' title='image "./quaestionemdema00hartgoog_0212.png"; bbox 0 0 2834 4996; ppageno 0'>
   <div class='ocr_carea' id='block_1_1' title="bbox 544 389 726 446">
    <p class='ocr_par' dir='ltr' id='par_1_1' title="bbox 544 389 726 446">
     <span class='ocr_line' id='line_1_1' title="bbox 544 389 726 446; baseline 0 0"><span class='ocrx_word' id='word_1_1' title='bbox 544 389 726 446; x_wconf 80' lang='lat'><strong>-197-</strong></span> 
     </span>
    </p>
   </div>
   <div class='ocr_carea' id='block_1_2' title="bbox 111 586 1212 4052">
    <p class='ocr_par' dir='ltr' id='par_1_2' title="bbox 111 586 1212 1843">
     <span class='ocr_line' id='line_1_2' title="bbox 111 586 1212 681; baseline 0.004 -30"><span class='ocrx_word' id='word_1_2' title='bbox 111 587 290 672; x_wconf 63' lang='lat' dir='ltr'>Decipere</span> <span class='ocrx_word' id='word_1_3' title='bbox 307 589 399 652; x_wconf 88' lang='lat' dir='ltr'>rtirnr</span> <span class='ocrx_word' id='word_1_4' title='bbox 415 595 550 670; x_wconf 76' lang='lat' dir='ltr'>rogatum</span> <span class='ocrx_word' id='word_1_5' title='bbox 575 587 823 671; x_wconf 85' lang='lat' dir='ltr'>relim‚quonam</span> <span class='ocrx_word' id='word_1_6' title='bbox 848 586 1109 664; x_wconf 67' lang='lat' dir='ltr'>tandem‘oorrsilio</span> <span class='ocrx_word' id='word_1_7' title='bbox 1207 669 1212 681; x_wconf 30' lang='lat'><strong>¹</strong></span> 
     </span>
     <span class='ocr_line' id='line_1_3' title="bbox 115 716 1110 803; baseline 0.002 -21"><span class='ocrx_word' id='word_1_8' title='bbox 115 717 340 803; x_wconf 75' lang='lat' dir='ltr'>interpolator</span> <span class='ocrx_word' id='word_1_9' title='bbox 364 717 448 803; x_wconf 90' lang='lat' dir='ltr'>plura</span> <span class='ocrx_word' id='word_1_10' title='bbox 476 716 623 782; x_wconf 71' lang='lat' dir='ltr'>addidisse</span> <span class='ocrx_word' id='word_1_11' title='bbox 646 717 811 782; x_wconf 89' lang='lat' dir='ltr'>censendus</span> <span class='ocrx_word' id='word_1_12' title='bbox 831 717 887 800; x_wconf 80' lang='lat' dir='ltr'>sit,</span> <span class='ocrx_word' id='word_1_13' title='bbox 911 737 1004 802; x_wconf 88' lang='lat' dir='ltr'>quum</span> <span class='ocrx_word' id='word_1_14' title='bbox 1025 721 1110 784; x_wconf 87' lang='lat' dir='ltr'>multi</span> 
     </span>
     <span class='ocr_line' id='line_1_4' title="bbox 116 847 1115 932; baseline 0.002 -20"><span class='ocrx_word' id='word_1_15' title='bbox 116 847 279 931; x_wconf 85' lang='lat' dir='ltr'>prolecto</span> <span class='ocrx_word' id='word_1_16' title='bbox 300 858 454 912; x_wconf 83' lang='lat' dir='ltr'>occurram</span> <span class='ocrx_word' id='word_1_17' title='bbox 476 848 556 930; x_wconf 78' lang='lat' dir='ltr'>loci,</span> <span class='ocrx_word' id='word_1_18' title='bbox 578 850 647 932; x_wconf 83' lang='lat' dir='ltr'>qui,</span> <span class='ocrx_word' id='word_1_19' title='bbox 683 849 736 912; x_wconf 92' lang='lat' dir='ltr'>etsi</span> <span class='ocrx_word' id='word_1_20' title='bbox 755 849 896 914; x_wconf 87' lang='lat' dir='ltr'>llarcioni</span> <span class='ocrx_word' id='word_1_21' title='bbox 918 851 1018 914; x_wconf 88' lang='lat' dir='ltr'>minus</span> <span class='ocrx_word' id='word_1_22' title='bbox 1040 853 1115 931; x_wconf 77' lang='lat' dir='ltr'>grati</span> 
     </span>
     <span class='ocr_line' id='line_1_5' title="bbox 119 977 1114 1063; baseline 0 -21"><span class='ocrx_word' id='word_1_23' title='bbox 119 997 202 1042; x_wconf 82' lang='lat' dir='ltr'>ease</span> <span class='ocrx_word' id='word_1_24' title='bbox 241 977 417 1061; x_wconf 70' lang='lat' dir='ltr'>debuerint,</span> <span class='ocrx_word' id='word_1_25' title='bbox 451 996 487 1042; x_wconf 86' lang='lat' dir='ltr'>er</span> <span class='ocrx_word' id='word_1_26' title='bbox 520 977 845 1063; x_wconf 88' lang='lat' dir='ltr'>interpolandi·tameu</span> <span class='ocrx_word' id='word_1_27' title='bbox 871 978 1037 1044; x_wconf 77' lang='lat' dir='ltr'>studiosis</span> <span class='ocrx_word' id='word_1_28' title='bbox 1062 989 1114 1043; x_wconf 86' lang='lat' dir='ltr'>aut</span> 
     </span>
     <span class='ocr_line' id='line_1_6' title="bbox 123 1107 1111 1193; baseline 0.003 -22"><span class='ocrx_word' id='word_1_29' title='bbox 123 1127 171 1172; x_wconf 90' lang='lat' dir='ltr'>ne</span> <span class='ocrx_word' id='word_1_30' title='bbox 218 1109 266 1172; x_wconf 85' lang='lat' dir='ltr'>rir</span> <span class='ocrx_word' id='word_1_31' title='bbox 296 1107 419 1191; x_wconf 83' lang='lat' dir='ltr'>quidem</span> <span class='ocrx_word' id='word_1_32' title='bbox 446 1107 585 1193; x_wconf 83' lang='lat' dir='ltr'>explicari</span> <span class='ocrx_word' id='word_1_33' title='bbox 611 1127 695 1193; x_wconf 89' lang='lat' dir='ltr'>posse</span> <span class='ocrx_word' id='word_1_34' title='bbox 718 1107 894 1173; x_wconf 81' lang='lat' dir='ltr'>rideantur?</span> <span class='ocrx_word' id='word_1_35' title='bbox 939 1107 998 1174; x_wconf 90' lang='lat' dir='ltr'>Sed</span> <span class='ocrx_word' id='word_1_36' title='bbox 1022 1111 1111 1193; x_wconf 82' lang='lat' dir='ltr'>liujus</span> 
     </span>
     <span class='ocr_line' id='line_1_7' title="bbox 128 1237 1107 1324; baseline 0 -22"><span class='ocrx_word' id='word_1_37' title='bbox 128 1241 179 1304; x_wconf 86' lang='lat' dir='ltr'>rei</span> <span class='ocrx_word' id='word_1_38' title='bbox 210 1237 377 1322; x_wconf 77' lang='lat' dir='ltr'>disquisitio</span> <span class='ocrx_word' id='word_1_39' title='bbox 404 1237 443 1302; x_wconf 94' lang='lat' dir='ltr'>ad</span> <span class='ocrx_word' id='word_1_40' title='bbox 465 1239 603 1304; x_wconf 89' lang='lat' dir='ltr'>ultimam</span> <span class='ocrx_word' id='word_1_41' title='bbox 628 1237 834 1324; x_wconf 75' lang='lat' dir='ltr'>disputationis</span> <span class='ocrx_word' id='word_1_42' title='bbox 855 1247 970 1304; x_wconf 87' lang='lat' dir='ltr'>nostrae</span> <span class='ocrx_word' id='word_1_43' title='bbox 993 1248 1107 1324; x_wconf 87' lang='lat' dir='ltr'>partem</span> 
     </span>
     <span class='ocr_line' id='line_1_8' title="bbox 130 1366 1108 1454; baseline 0 -22"><span class='ocrx_word' id='word_1_44' title='bbox 130 1370 284 1454; x_wconf 87' lang='lat' dir='ltr'>pertinet.</span> <span class='ocrx_word' id='word_1_45' title='bbox 331 1366 500 1452; x_wconf 75' lang='lat' dir='ltr'>Antequam</span> <span class='ocrx_word' id='word_1_46' title='bbox 534 1387 601 1434; x_wconf 89' lang='lat' dir='ltr'>vero</span> <span class='ocrx_word' id='word_1_47' title='bbox 634 1371 711 1434; x_wconf 82' lang='lat' dir='ltr'>lianc</span> <span class='ocrx_word' id='word_1_48' title='bbox 742 1368 926 1434; x_wconf 89' lang='lat' dir='ltr'>tractandam</span> <span class='ocrx_word' id='word_1_49' title='bbox 954 1369 1108 1452; x_wconf 72' lang='lat' dir='ltr'>aggredia-</span> 
     </span>
     <span class='ocr_line' id='line_1_9' title="bbox 133 1498 1110 1590; baseline -0.002 -26"><span class='ocrx_word' id='word_1_50' title='bbox 133 1517 233 1580; x_wconf 83' lang='lat' dir='ltr'>mur,</span> <span class='ocrx_word' id='word_1_51' title='bbox 269 1499 371 1582; x_wconf 84' lang='lat' dir='ltr'>paucis</span> <span class='ocrx_word' id='word_1_52' title='bbox 404 1500 574 1590; x_wconf 78' lang='lat' dir='ltr'>etiamnunc</span> <span class='ocrx_word' id='word_1_53' title='bbox 600 1498 786 1565; x_wconf 87' lang='lat' dir='ltr'>monendum</span> <span class='ocrx_word' id='word_1_54' title='bbox 808 1508 941 1583; x_wconf 81' lang='lat' dir='ltr'>superest</span> <span class='ocrx_word' id='word_1_55' title='bbox 964 1499 1002 1564; x_wconf 90' lang='lat' dir='ltr'>de</span> <span class='ocrx_word' id='word_1_56' title='bbox 1027 1500 1110 1562; x_wconf 89' lang='lat' dir='ltr'>rariis</span> 
     </span>
     <span class='ocr_line' id='line_1_10' title="bbox 134 1627 1109 1712; baseline 0 -18"><span class='ocrx_word' id='word_1_57' title='bbox 134 1629 260 1712; x_wconf 87' lang='lat' dir='ltr'>aliquot</span> <span class='ocrx_word' id='word_1_58' title='bbox 296 1627 487 1706; x_wconf 84' lang='lat' dir='ltr'>lectionibus,</span> <span class='ocrx_word' id='word_1_59' title='bbox 518 1629 626 1712; x_wconf 87' lang='lat' dir='ltr'>quibos</span> <span class='ocrx_word' id='word_1_60' title='bbox 648 1647 717 1694; x_wconf 88' lang='lat' dir='ltr'>usus</span> <span class='ocrx_word' id='word_1_61' title='bbox 741 1637 785 1692; x_wconf 85' lang='lat' dir='ltr'>est</span> <span class='ocrx_word' id='word_1_62' title='bbox 806 1627 953 1706; x_wconf 78' lang='lat' dir='ltr'>Marcion,</span> <span class='ocrx_word' id='word_1_63' title='bbox 976 1647 1109 1712; x_wconf 86' lang='lat' dir='ltr'>quasque</span> 
     </span>
     <span class='ocr_line' id='line_1_11' title="bbox 134 1755 973 1843; baseline 0 -21"><span class='ocrx_word' id='word_1_64' title='bbox 134 1779 197 1826; x_wconf 87' lang='lat' dir='ltr'>sno</span> <span class='ocrx_word' id='word_1_65' title='bbox 223 1755 316 1824; x_wconf 90' lang='lat' dir='ltr'>modu</span> <span class='ocrx_word' id='word_1_66' title='bbox 338 1759 483 1843; x_wconf 76' lang='lat' dir='ltr'>explicare</span> <span class='ocrx_word' id='word_1_67' title='bbox 508 1768 630 1824; x_wconf 88' lang='lat' dir='ltr'>conatus</span> <span class='ocrx_word' id='word_1_68' title='bbox 652 1765 696 1822; x_wconf 87' lang='lat' dir='ltr'>cst</span> <span class='ocrx_word' id='word_1_69' title='bbox 718 1759 973 1823; x_wconf 82' lang='lat' dir='ltr'>llitsclrelius.</span> 
     </span>
    </p>

    <p class='ocr_par' dir='ltr' id='par_1_3' title="bbox 138 1885 1109 2475">
     <span class='ocr_line' id='line_1_12' title="bbox 185 1885 1109 1972; baseline 0.001 -19"><span class='ocrx_word' id='word_1_70' title='bbox 185 1885 270 1953; x_wconf 91' lang='lat' dir='ltr'>Sunt</span> <span class='ocrx_word' id='word_1_71' title='bbox 295 1906 405 1972; x_wconf 87' lang='lat' dir='ltr'>nempe</span> <span class='ocrx_word' id='word_1_72' title='bbox 428 1887 561 1954; x_wconf 89' lang='lat' dir='ltr'>nonnulli</span> <span class='ocrx_word' id='word_1_73' title='bbox 584 1887 706 1971; x_wconf 88' lang='lat' dir='ltr'>quidam</span> <span class='ocrx_word' id='word_1_74' title='bbox 734 1888 812 1970; x_wconf 79' lang='lat' dir='ltr'>loci,</span> <span class='ocrx_word' id='word_1_75' title='bbox 835 1907 973 1971; x_wconf 72' lang='lat' dir='ltr'>unorum</span> <span class='ocrx_word' id='word_1_76' title='bbox 998 1888 1109 1954; x_wconf 88' lang='lat' dir='ltr'>diserc-</span> 
     </span>
     <span class='ocr_line' id='line_1_13' title="bbox 138 2018 1109 2103; baseline 0 -20"><span class='ocrx_word' id='word_1_77' title='bbox 138 2019 275 2103; x_wconf 85' lang='lat' dir='ltr'>pauliam</span> <span class='ocrx_word' id='word_1_78' title='bbox 300 2033 398 2101; x_wconf 86' lang='lat' dir='ltr'>neque</span> <span class='ocrx_word' id='word_1_79' title='bbox 417 2018 523 2084; x_wconf 75' lang='lat' dir='ltr'>calami</span> <span class='ocrx_word' id='word_1_80' title='bbox 548 2019 641 2101; x_wconf 82' lang='lat' dir='ltr'>vitio,</span> <span class='ocrx_word' id='word_1_81' title='bbox 663 2037 761 2102; x_wconf 89' lang='lat' dir='ltr'>neque</span> <span class='ocrx_word' id='word_1_82' title='bbox 783 2018 871 2082; x_wconf 90' lang='lat' dir='ltr'>simili</span> <span class='ocrx_word' id='word_1_83' title='bbox 893 2018 1011 2084; x_wconf 84' lang='lat' dir='ltr'>cuidam</span> <span class='ocrx_word' id='word_1_84' title='bbox 1038 2039 1109 2083; x_wconf 89' lang='lat' dir='ltr'>cau-</span> 
     </span>
     <span class='ocr_line' id='line_1_14' title="bbox 142 2147 1109 2232; baseline -0.001 -20"><span class='ocrx_word' id='word_1_85' title='bbox 142 2169 189 2214; x_wconf 90' lang='lat' dir='ltr'>sac</span> <span class='ocrx_word' id='word_1_86' title='bbox 215 2147 407 2212; x_wconf 82' lang='lat' dir='ltr'>tribuendam</span> <span class='ocrx_word' id='word_1_87' title='bbox 431 2168 518 2228; x_wconf 79' lang='lat' dir='ltr'>esse,</span> <span class='ocrx_word' id='word_1_88' title='bbox 551 2149 613 2232; x_wconf 91' lang='lat' dir='ltr'>ipse</span> <span class='ocrx_word' id='word_1_89' title='bbox 635 2148 684 2211; x_wconf 89' lang='lat' dir='ltr'>ille</span> <span class='ocrx_word' id='word_1_90' title='bbox 710 2148 746 2213; x_wconf 90' lang='lat' dir='ltr'>V.</span> <span class='ocrx_word' id='word_1_91' title='bbox 769 2147 806 2214; x_wconf 88' lang='lat' dir='ltr'>D.</span> <span class='ocrx_word' id='word_1_92' title='bbox 830 2147 1054 2232; x_wconf 75' lang='lat' dir='ltr'>probassent,</span> <span class='ocrx_word' id='word_1_93' title='bbox 1079 2158 1109 2212; x_wconf 89' lang='lat' dir='ltr'>at</span> 
     </span>
     <span class='ocr_line' id='line_1_15' title="bbox 146 2279 1108 2362; baseline -0.005 -16"><span class='ocrx_word' id='word_1_94' title='bbox 146 2283 195 2362; x_wconf 84' lang='lat' dir='ltr'>qni</span> <span class='ocrx_word' id='word_1_95' title='bbox 218 2279 262 2344; x_wconf 85' lang='lat' dir='ltr'>rel</span> <span class='ocrx_word' id='word_1_96' title='bbox 286 2279 328 2344; x_wconf 93' lang='lat' dir='ltr'>sic</span> <span class='ocrx_word' id='word_1_97' title='bbox 350 2288 449 2342; x_wconf 86' lang='lat' dir='ltr'>lamen</span> <span class='ocrx_word' id='word_1_98' title='bbox 474 2279 705 2342; x_wconf 83' lang='lat' dir='ltr'>llolrnicnae</span> <span class='ocrx_word' id='word_1_99' title='bbox 742 2281 926 2362; x_wconf 89' lang='lat' dir='ltr'>conjecturae</span> <span class='ocrx_word' id='word_1_100' title='bbox 951 2279 1046 2342; x_wconf 84' lang='lat' dir='ltr'>sarcre</span> <span class='ocrx_word' id='word_1_101' title='bbox 1082 2281 1108 2342; x_wconf 91' lang='lat' dir='ltr'>ci</span> 
     </span>
     <span class='ocr_line' id='line_1_16' title="bbox 154 2409 374 2475; baseline 0.009 -5"><span class='ocrx_word' id='word_1_102' title='bbox 154 2427 206 2474; x_wconf 88' lang='lat' dir='ltr'>non</span> <span class='ocrx_word' id='word_1_103' title='bbox 229 2409 374 2475; x_wconf 88' lang='lat' dir='ltr'>ridentur.</span> 
     </span>
    </p>

    <p class='ocr_par' dir='ltr' id='par_1_4' title="bbox 136 2537 1115 4052">
     <span class='ocr_line' id='line_1_17' title="bbox 194 2537 1107 2624; baseline -0.001 -21"><span class='ocrx_word' id='word_1_104' title='bbox 194 2539 370 2608; x_wconf 86' lang='lat' dir='ltr'>llrrcionem</span> <span class='ocrx_word' id='word_1_105' title='bbox 393 2540 571 2624; x_wconf 84' lang='lat' dir='ltr'>primeca,</span> <span class='ocrx_word' id='word_1_106' title='bbox 595 2557 670 2623; x_wconf 81' lang='lat' dir='ltr'>quae</span> <span class='ocrx_word' id='word_1_107' title='bbox 694 2539 764 2604; x_wconf 83' lang='lat' dir='ltr'>Luc.</span> <span class='ocrx_word' id='word_1_108' title='bbox 795 2537 844 2603; x_wconf 88' lang='lat' dir='ltr'>lv.</span> <span class='ocrx_word' id='word_1_109' title='bbox 872 2538 914 2601; x_wconf 70' lang='lat'>27</span> <span class='ocrx_word' id='word_1_110' title='bbox 942 2537 979 2602; x_wconf 88' lang='lat' dir='ltr'>dc</span> <span class='ocrx_word' id='word_1_111' title='bbox 996 2538 1107 2602; x_wconf 84' lang='lat' dir='ltr'>lilisaer</span> 
     </span>
     <span class='ocr_line' id='line_1_18' title="bbox 145 2670 1108 2754; baseline -0.002 -20"><span class='ocrx_word' id='word_1_112' title='bbox 145 2670 289 2754; x_wconf 80' lang='lat' dir='ltr'>Propheta</span> <span class='ocrx_word' id='word_1_113' title='bbox 313 2673 473 2754; x_wconf 72' lang='lat' dir='ltr'>leguntur,</span> <span class='ocrx_word' id='word_1_114' title='bbox 495 2691 578 2753; x_wconf 86' lang='lat' dir='ltr'>non,</span> <span class='ocrx_word' id='word_1_115' title='bbox 601 2679 633 2735; x_wconf 88' lang='lat' dir='ltr'>ul</span> <span class='ocrx_word' id='word_1_116' title='bbox 657 2671 694 2736; x_wconf 85' lang='lat' dir='ltr'>ab</span> <span class='ocrx_word' id='word_1_117' title='bbox 721 2670 1019 2752; x_wconf 79' lang='lat' dir='ltr'>llalrnioaliisqno</span> <span class='ocrx_word' id='word_1_118' title='bbox 1035 2689 1108 2735; x_wconf 86' lang='lat' dir='ltr'>con-</span> 
     </span>
     <span class='ocr_line' id='line_1_19' title="bbox 140 2799 1109 2882; baseline 0 -19"><span class='ocrx_word' id='word_1_119' title='bbox 140 2801 294 2874; x_wconf 89' lang='lat' dir='ltr'>lenditur,</span> <span class='ocrx_word' id='word_1_120' title='bbox 317 2801 347 2862; x_wconf 93' lang='lat' dir='ltr'>in</span> <span class='ocrx_word' id='word_1_121' title='bbox 367 2801 438 2882; x_wconf 88' lang='lat' dir='ltr'>Cap.</span> <span class='ocrx_word' id='word_1_122' title='bbox 460 2801 565 2880; x_wconf 87' lang='lat' dir='ltr'>XVII,</span> <span class='ocrx_word' id='word_1_123' title='bbox 588 2807 653 2882; x_wconf 90' lang='lat' dir='ltr'>post</span> <span class='ocrx_word' id='word_1_124' title='bbox 668 2808 863 2864; x_wconf 86' lang='lat' dir='ltr'>memoratam</span> <span class='ocrx_word' id='word_1_125' title='bbox 884 2799 988 2862; x_wconf 88' lang='lat' dir='ltr'>decem</span> <span class='ocrx_word' id='word_1_126' title='bbox 1012 2799 1109 2882; x_wconf 87' lang='lat' dir='ltr'>lepro-</span> 
     </span>
     <span class='ocr_line' id='line_1_20' title="bbox 136 2924 1108 3009; baseline -0.008 -13"><span class='ocrx_word' id='word_1_127' title='bbox 136 2945 240 2996; x_wconf 83' lang='lat' dir='ltr'>sorum</span> <span class='ocrx_word' id='word_1_128' title='bbox 257 2929 438 2990; x_wconf 75' lang='lat' dir='ltr'>mirationem</span> <span class='ocrx_word' id='word_1_129' title='bbox 454 2927 653 3002; x_wconf 83' lang='lat' dir='ltr'>transtulisse,</span> <span class='ocrx_word' id='word_1_130' title='bbox 678 2927 734 2992; x_wconf 84' lang='lat' dir='ltr'>hoc</span> <span class='ocrx_word' id='word_1_131' title='bbox 756 2924 846 2990; x_wconf 89' lang='lat' dir='ltr'>modo</span> <span class='ocrx_word' id='word_1_132' title='bbox 862 2926 985 3009; x_wconf 86' lang='lat' dir='ltr'>probare</span> <span class='ocrx_word' id='word_1_133' title='bbox 1009 2926 1108 2989; x_wconf 85' lang='lat' dir='ltr'>studet</span> 
     </span>
     <span class='ocr_line' id='line_1_21' title="bbox 137 3048 1105 3139; baseline -0.004 -17"><span class='ocrx_word' id='word_1_134' title='bbox 137 3055 414 3137; x_wconf 76' lang='lat' dir='ltr'>llitschclius‚</span> <span class='ocrx_word' id='word_1_135' title='bbox 438 3048 491 3130; x_wconf 83' lang='lat' dir='ltr'>ul,</span> <span class='ocrx_word' id='word_1_136' title='bbox 515 3063 611 3138; x_wconf 86' lang='lat' dir='ltr'>spreta</span> <span class='ocrx_word' id='word_1_137' title='bbox 639 3055 852 3139; x_wconf 86' lang='lat' dir='ltr'>Epiplranii</span> <span class='ocrx_word' id='word_1_138' title='bbox 870 3055 1105 3136; x_wconf 52' lang='lat' dir='ltr'>curiosissime</span> 
     </span>
     <span class='ocr_line' id='line_1_22' title="bbox 140 3184 1115 3278; baseline -0.004 -26"><span class='ocrx_word' id='word_1_139' title='bbox 140 3186 389 3252; x_wconf 83' lang='lat' dir='ltr'>Tertulliani</span> <span class='ocrx_word' id='word_1_140' title='bbox 417 3185 510 3250; x_wconf 85' lang='lat' dir='ltr'>verbis</span> <span class='ocrx_word' id='word_1_141' title='bbox 532 3187 616 3268; x_wconf 84' lang='lat' dir='ltr'>sequi</span> <span class='ocrx_word' id='word_1_142' title='bbox 633 3184 797 3278; x_wconf 23' lang='lat' dir='ltr'>&#39;ostendam</span> <span class='ocrx_word' id='word_1_143' title='bbox 829 3184 1010 3250; x_wconf 80' lang='lat' dir='ltr'>Marcionem</span> <span class='ocrx_word' id='word_1_144' title='bbox 1038 3188 1115 3276; x_wconf 80' lang='lat' dir='ltr'>oui·¹</span> 
     </span>
     <span class='ocr_line' id='line_1_23' title="bbox 141 3315 1106 3401; baseline -0.002 -19"><span class='ocrx_word' id='word_1_145' title='bbox 141 3317 212 3384; x_wconf 86' lang='lat' dir='ltr'>dem</span> <span class='ocrx_word' id='word_1_146' title='bbox 237 3319 267 3381; x_wconf 90' lang='lat' dir='ltr'>iu</span> <span class='ocrx_word' id='word_1_147' title='bbox 291 3336 349 3382; x_wconf 86' lang='lat' dir='ltr'>una</span> <span class='ocrx_word' id='word_1_148' title='bbox 377 3315 599 3394; x_wconf 85' lang='lat' dir='ltr'>Antithesium,</span> <span class='ocrx_word' id='word_1_149' title='bbox 630 3317 721 3380; x_wconf 81' lang='lat' dir='ltr'>textui</span> <span class='ocrx_word' id='word_1_150' title='bbox 748 3315 917 3401; x_wconf 86' lang='lat' dir='ltr'>adscripta,</span> <span class='ocrx_word' id='word_1_151' title='bbox 952 3333 1012 3380; x_wconf 91' lang='lat' dir='ltr'>non</span> <span class='ocrx_word' id='word_1_152' title='bbox 1040 3335 1106 3380; x_wconf 84' lang='lat' dir='ltr'>vero</span> 
     </span>
     <span class='ocr_line' id='line_1_24' title="bbox 139 3444 1105 3546; baseline -0.004 -34"><span class='ocrx_word' id='word_1_153' title='bbox 139 3450 169 3512; x_wconf 90' lang='lat' dir='ltr'>in</span> <span class='ocrx_word' id='word_1_154' title='bbox 196 3449 259 3546; x_wconf 85' lang='lat' dir='ltr'>ipso</span> <span class='ocrx_word' id='word_1_155' title='bbox 286 3457 368 3513; x_wconf 84' lang='lat' dir='ltr'>textu</span> <span class='ocrx_word' id='word_1_156' title='bbox 398 3447 499 3514; x_wconf 83' lang='lat' dir='ltr'>Elisaci</span> <span class='ocrx_word' id='word_1_157' title='bbox 534 3449 718 3514; x_wconf 85' lang='lat' dir='ltr'>mentionem</span> <span class='ocrx_word' id='word_1_158' title='bbox 754 3448 896 3531; x_wconf 84' lang='lat' dir='ltr'>injecisse.</span> <span class='ocrx_word' id='word_1_159' title='bbox 940 3444 983 3509; x_wconf 63' lang='lat' dir='ltr'>‘At</span> <span class='ocrx_word' id='word_1_160' title='bbox 1006 3447 1105 3528; x_wconf 74' lang='lat' dir='ltr'>finge,</span> 
     </span>
     <span class='ocr_line' id='line_1_25' title="bbox 141 3575 1108 3663; baseline -0.006 -21"><span class='ocrx_word' id='word_1_161' title='bbox 141 3598 192 3644; x_wconf 87' lang='lat' dir='ltr'>nos</span> <span class='ocrx_word' id='word_1_162' title='bbox 221 3578 348 3663; x_wconf 88' lang='lat' dir='ltr'>pedibus</span> <span class='ocrx_word' id='word_1_163' title='bbox 370 3581 399 3642; x_wconf 94' lang='lat' dir='ltr'>in</span> <span class='ocrx_word' id='word_1_164' title='bbox 430 3582 495 3663; x_wconf 86' lang='lat' dir='ltr'>ejus</span> <span class='ocrx_word' id='word_1_165' title='bbox 527 3579 702 3644; x_wconf 86' lang='lat' dir='ltr'>sententiam</span> <span class='ocrx_word' id='word_1_166' title='bbox 730 3579 797 3658; x_wconf 81' lang='lat' dir='ltr'>irc,</span> <span class='ocrx_word' id='word_1_167' title='bbox 820 3575 895 3660; x_wconf 88' lang='lat' dir='ltr'>qnid</span> <span class='ocrx_word' id='word_1_168' title='bbox 917 3580 1003 3642; x_wconf 78' lang='lat' dir='ltr'>tum?</span> <span class='ocrx_word' id='word_1_169' title='bbox 1048 3575 1108 3636; x_wconf 89' lang='lat' dir='ltr'>llc·</span> 
     </span>
     <span class='ocr_line' id='line_1_26' title="bbox 143 3708 1107 3792; baseline -0.005 -19"><span class='ocrx_word' id='word_1_170' title='bbox 143 3717 242 3773; x_wconf 89' lang='lat' dir='ltr'>manet</span> <span class='ocrx_word' id='word_1_171' title='bbox 287 3729 356 3774; x_wconf 87' lang='lat' dir='ltr'>sanc</span> <span class='ocrx_word' id='word_1_172' title='bbox 402 3709 581 3792; x_wconf 78' lang='lat' dir='ltr'>difficultas,</span> <span class='ocrx_word' id='word_1_173' title='bbox 626 3727 684 3772; x_wconf 91' lang='lat' dir='ltr'>non</span> <span class='ocrx_word' id='word_1_174' title='bbox 719 3708 787 3772; x_wconf 85' lang='lat' dir='ltr'>satis</span> <span class='ocrx_word' id='word_1_175' title='bbox 823 3724 987 3790; x_wconf 77' lang='lat' dir='ltr'>apparere,</span> <span class='ocrx_word' id='word_1_176' title='bbox 1032 3723 1107 3787; x_wconf 89' lang='lat' dir='ltr'>quo·</span> 
     </span>
     <span class='ocr_line' id='line_1_27' title="bbox 143 3836 1106 3920; baseline -0.002 -16"><span class='ocrx_word' id='word_1_177' title='bbox 143 3838 230 3906; x_wconf 91' lang='lat' dir='ltr'>modo</span> <span class='ocrx_word' id='word_1_178' title='bbox 261 3840 350 3904; x_wconf 85' lang='lat' dir='ltr'>talem</span> <span class='ocrx_word' id='word_1_179' title='bbox 377 3840 559 3904; x_wconf 86' lang='lat' dir='ltr'>mentionem</span> <span class='ocrx_word' id='word_1_180' title='bbox 590 3836 793 3904; x_wconf 84' lang='lat' dir='ltr'>Antithesibus</span> <span class='ocrx_word' id='word_1_181' title='bbox 818 3837 877 3901; x_wconf 91' lang='lat' dir='ltr'>suis</span> <span class='ocrx_word' id='word_1_182' title='bbox 898 3838 1028 3900; x_wconf 84' lang='lat' dir='ltr'>intexere</span> <span class='ocrx_word' id='word_1_183' title='bbox 1050 3856 1106 3920; x_wconf 89' lang='lat' dir='ltr'>po-</span> 
     </span>
     <span class='ocr_line' id='line_1_28' title="bbox 145 3964 1107 4052; baseline -0.002 -20"><span class='ocrx_word' id='word_1_184' title='bbox 145 3971 229 4034; x_wconf 86' lang='lat' dir='ltr'>luerit</span> <span class='ocrx_word' id='word_1_185' title='bbox 255 3964 408 4051; x_wconf 82' lang='lat' dir='ltr'>Marcion,</span> <span class='ocrx_word' id='word_1_186' title='bbox 431 3969 486 4034; x_wconf 88' lang='lat' dir='ltr'>nisi</span> <span class='ocrx_word' id='word_1_187' title='bbox 505 3967 542 4032; x_wconf 84' lang='lat' dir='ltr'>ad</span> <span class='ocrx_word' id='word_1_188' title='bbox 565 3970 836 4052; x_wconf 82' lang='lat' dir='ltr'>comparationem,</span> <span class='ocrx_word' id='word_1_189' title='bbox 852 3969 880 4030; x_wconf 89' lang='lat' dir='ltr'>lr.</span> <span class='ocrx_word' id='word_1_190' title='bbox 897 3966 916 4030; x_wconf 93' lang='lat' dir='ltr'>l.</span> <span class='ocrx_word' id='word_1_191' title='bbox 939 3965 1043 4032; x_wconf 87' lang='lat' dir='ltr'>Jcsnrn</span> <span class='ocrx_word' id='word_1_192' title='bbox 1059 3968 1107 4030; x_wconf 92' lang='lat' dir='ltr'>in·</span> 
     </span>
    </p>
   </div>
   <div class='ocr_carea' id='block_1_3' title="bbox 147 4095 1199 4181">
    <p class='ocr_par' dir='ltr' id='par_1_5' title="bbox 147 4095 1199 4181">
     <span class='ocr_line' id='line_1_29' title="bbox 147 4095 1199 4181; baseline -0.005 -20"><span class='ocrx_word' id='word_1_193' title='bbox 147 4109 187 4163; x_wconf 83' lang='lat' dir='ltr'>ior</span> <span class='ocrx_word' id='word_1_194' title='bbox 209 4109 238 4164; x_wconf 87' lang='lat' dir='ltr'>ct</span> <span class='ocrx_word' id='word_1_195' title='bbox 264 4101 414 4164; x_wconf 74' lang='lat' dir='ltr'>Elisareonr</span> <span class='ocrx_word' id='word_1_196' title='bbox 438 4097 567 4176; x_wconf 83' lang='lat' dir='ltr'>lactem,</span> <span class='ocrx_word' id='word_1_197' title='bbox 596 4117 631 4160; x_wconf 83' lang='lat' dir='ltr'>cx</span> <span class='ocrx_word' id='word_1_198' title='bbox 657 4099 747 4181; x_wconf 91' lang='lat' dir='ltr'>ipsius</span> <span class='ocrx_word' id='word_1_199' title='bbox 768 4116 837 4162; x_wconf 88' lang='lat' dir='ltr'>suae</span> <span class='ocrx_word' id='word_1_200' title='bbox 864 4098 1037 4168; x_wconf 83' lang='lat' dir='ltr'>narrationis</span> <span class='ocrx_word' id='word_1_201' title='bbox 1058 4099 1107 4158; x_wconf 91' lang='lat' dir='ltr'>in·</span> <span class='ocrx_word' id='word_1_202' title='bbox 1195 4095 1199 4108; x_wconf 85' lang='lat'>&#39;</span> 
     </span>
    </p>
   </div>
   <div class='ocr_carea' id='block_1_4' title="bbox 152 4221 1106 4314">
    <p class='ocr_par' dir='ltr' id='par_1_6' title="bbox 152 4221 1106 4314">
     <span class='ocr_line' id='line_1_30' title="bbox 152 4221 1106 4314; baseline -0.001 -24"><span class='ocrx_word' id='word_1_203' title='bbox 152 4227 215 4292; x_wconf 90' lang='lat' dir='ltr'>dolo</span> <span class='ocrx_word' id='word_1_204' title='bbox 253 4249 352 4295; x_wconf 85' lang='lat' dir='ltr'>ansam</span> <span class='ocrx_word' id='word_1_205' title='bbox 389 4231 520 4314; x_wconf 88' lang='lat' dir='ltr'>primum</span> <span class='ocrx_word' id='word_1_206' title='bbox 553 4229 672 4313; x_wconf 88' lang='lat' dir='ltr'>coperit.</span> <span class='ocrx_word' id='word_1_207' title='bbox 729 4221 828 4292; x_wconf 87' lang='lat' dir='ltr'>illinus</span> <span class='ocrx_word' id='word_1_208' title='bbox 855 4245 920 4294; x_wconf 84' lang='lat' dir='ltr'>rem</span> <span class='ocrx_word' id='word_1_209' title='bbox 944 4229 1033 4293; x_wconf 83' lang='lat' dir='ltr'>ctiam</span> <span class='ocrx_word' id='word_1_210' title='bbox 1060 4227 1106 4290; x_wconf 90' lang='lat' dir='ltr'>irr-</span> 
     </span>
    </p>
   </div>
   <div class='ocr_carea' id='block_1_5' title="bbox 0 0 1440 4996">
    <p class='ocr_par' dir='ltr' id='par_1_7' title="bbox 0 0 1440 4996">
     <span class='ocr_line' id='line_1_31' title="bbox 0 0 1440 4996; baseline 0 0"><span class='ocrx_word' id='word_1_211' title='bbox 0 0 1440 4996; x_wconf 95' lang='lat' dir='ltr'> </span> 
     </span>
    </p>
   </div>
  </div>
 </body>
</html>
