2834 4996
554 399 735 460 -173-

127 599 406 684 signideationem
441 605 492 665 ant
512 599 621 666 habere
644 609 697 666 aut
719 599 823 665 saitem
846 599 954 665 habere
979 594 1119 667 Maroiorii

120 730 267 814 rideri,
311 749 405 814 quum
454 738 554 797 eontra
607 731 740 811 mulier,
781 748 872 814 quarn
911 729 997 795 desus
1034 730 1120 796 xiil.

125 860 184 925 10
232 879 298 944 sqq.
334 877 449 924 sanasse
486 857 630 940 traditur,
665 859 779 924 nullam
816 861 904 924 aliam
940 861 977 926 ob
1000 879 1121 926 eausam

126 989 223 1070 filia
259 987 439 1054 Adredomo'
472 989 509 1054 ab
548 1007 584 1054 eo
610 998 780 1075 nunenpata
813 991 874 1073 sit,
908 991 967 1064 nisi¹
990 1000 1024 1056 nt
1050 991 1122 1074 legia

133 1121 341 1186 sabbathioae
376 1128 516 1205 patronos
545 1137 580 1186 eo
610 1121 704 1202 magis
731 1118 856 1205 puderet
894 1119 1019 1186 duritiae
1050 1140 1120 1186 suae

136 1269 220 1333 erga
254 1259 432 1333 nepotum,
460 1251 512 1334 qni
534 1269 593 1316 non
614 1249 711 1316 seium
736 1249 872 1336 ejusdem
896 1252 1044 1316 humanae
1067 1271 1122 1316 na-

138 1389 238 1446 turae
264 1398 336 1445 eum
361 1381 397 1444 iis
420 1381 590 1466 partiorem,
604 1379 656 1446 sed
681 1399 718 1446 ex
742 1380 849 1447 eadem
877 1400 996 1466 qnoque
1029 1383 1118 1468 stirpe

141 1507 300 1576 oriundus
325 1517 410 1574 esset.

195 1636 231 1704 Si
255 1637 337 1702 nulia
361 1637 416 1703 adia
448 1657 534 1704 eausa
563 1639 704 1706 Maroioni
732 1639 857 1721 inisset,
884 1660 936 1704 eur
962 1660 1019 1724 ea,
1046 1605 1121 1728 quae

146 1771 225 1837 uua.
253 1767 350 1834 XXII.
377 1767 417 1832 id
446 1778 625 1851 ouourrunt,
652 1769 690 1834 de
717 1769 879 1852 Euanpeiio
905 1789 958 1837 ano
986 1771 1122 1855 tederet,

150 1902 209 1966 nisi
248 1897 330 1985 qnod
371 1898 458 1964 desus
495 1899 535 1962 ibi
575 1902 680 1985 paseha
716 1898 878 1966 eomedisse
908 1899 1022 1981 fertur,
1053 1903 1121 1986 jure

152 2030 299 2117 proieoto'
317 2031 420 2113 quaeri
450 2031 563 2114 possit,
598 2028 702 2113 quidni
730 2030 820 2113 igitur
847 2030 938 2095 etiarn
964 2049 1016 2095 rss.
1045 2029 1121 2094 Set

157 2161 199 2224 to
222 2160 262 2224 ab
285 2157 336 2224 iilo
358 2160 461 2224 reseeti
485 2161 566 2222 sinti
610 2157 835 2224 detendendum
861 2179 928 2226 rere
952 2161 1052 2245 potins
1076 2169 1121 2224 est

163 2291 198 2354 ed
219 2309 274 2374 oa,
289 2307 366 2373 quoe
381 2296 544 2373 sequuntur
571 2288 680 2371 rerba,
702 2290 811 2372 quibus
833 2296 954 2354 restatur
975 2289 1121 2356 Dominus

172 2441 201 2487 se
217 2425 319 2494 ranna
347 2445 407 2493 non
433 2445 496 2491 esse
512 2439 722 2490 comesurum:
747 2418 803 2499 ἕως
823 2419 895 2492 deuo
918 2425 1062 2510 πληρωθῇ
1087 2425 1119 2492 da

168 2569 208 2646 ep
225 2561 378 2650 βασιλείᾳ
399 2567 454 2632 τοῦ
477 2563 560 2634 θεοῦ.
607 2564 694 2628 Hisoe
725 2578 794 2625 saue
825 2560 919 2624 serbis
943 2561 1120 2626 sententiam

158 2691 321 2776 contineri,
343 2693 500 2761 Marcionis
522 2695 636 2779 piaoitis
665 2693 745 2760 haud
763 2713 870 2780 parurn
886 2692 1117 2774 adversantem,

153 2820 221 2901 quis
250 2829 317 2900 est,
343 2823 469 2902 quinon
493 2823 613 2887 rideat?
638 2821 706 2888 Soio
733 2823 874 2906 equidem
900 2823 1035 2906 eJusdem
1059 2823 1119 2886 iere

152 2947 271 3029 generis
300 2949 478 3011 sententiam
508 2949 597 3011 etiam
629 2969 666 3012 rs.
694 2949 734 3011 t8
763 2967 930 3035 expressam
955 2951 1022 3032 legi.
1080 2949 1120 3014 Ar

150 3074 237 3159 qnod
275 3075 406 3160 primunr
446 3095 576 3160 moneo,
612 3095 672 3144 non
700 3079 769 3142 satis
798 3087 912 3145 onustat
937 3079 1118 3146 Marcionem

149 3207 235 3268 huno
261 3191 305 3270 ros
328 3205 502 3284 retinuisse,
541 3225 635 3292 quum
662 3206 766 3272 saitem
792 3207 945 3273 Tertull.
977 3226 1047 3274 eum
1069 3228 1121 3274 ae-

152 3353 215 3418 que
248 3355 282 3401 ae
311 3335 386 3402 duos
416 3337 549 3424 proxime
590 3336 796 3403 antecedentes
834 3337 949 3404 silentio
988 3348 1120 3423 praeter-

153 3466 277 3530 miserit.
323 3467 438 3533 Deinde
473 3487 540 3534 rero
575 3469 666 3532 etiam
701 3467 879 3533 observanda
907 3477 951 3534 est
978 3469 1119 3553 loquendi

154 3601 293 3668 formula
317 3601 459 3688 πληρωθῇ
480 3604 513 3671 ἕν
536 3605 575 3688 τῇ
595 3605 676 3684 der.
700 3629 733 3670 r.
757 3605 784 3673 d.
804 3597 896 3691 'quae
930 3606 1118 3672 solummodo

156 3747 198 3794 vs.
222 3726 264 3792 dd
293 3731 440 3809 oeeurrit,
474 3747 569 3812 quum
593 3750 633 3795 rs.
658 3729 699 3791 18
722 3729 763 3792 nii
787 3730 844 3794 nisi
866 3733 1007 3816 temporis
1028 3731 1140 3815 quee·'

158 3857 229 3922 dam
264 3857 355 3922 futuri
390 3858 522 3924 definitio
559 3859 689 3922 exhiberi
725 3858 857 3924 videatur
891 3861 971 3944 hisee
1004 3863 1119 3930 verbis:

160 3989 214 4069 ἕως
245 3989 317 4061 dero
345 3991 465 4073 dssur'
493 4017 525 4062 τ.
548 3993 576 4060 θ.
598 3992 680 4076 ἔλθη.
738 3996 856 4060 Nemini
889 3998 950 4062 seii.
984 4001 1120 4082 ignotum

161 4125 204 4184 est
237 4117 383 4203 ejusmodi
417 4116 534 4184 diuendi
565 4119 728 4205 formulas,
751 4124 869 4207 qnibns'
883 4145 908 4190 s.
935 4126 973 4191 ad
995 4087 1118 4216 impleta

162 4270 184 4314 a.
212 4245 249 4310 ad
275 4248 427 4333 implenda
455 4250 588 4314 vaticinia
613 4253 828 4337 respiceretur,
863 4256 906 4322 rei
932 4258 1118 4326 selummodo
