2834 4996
733 405 914 484 ..192-

338 605 407 671 linet
432 601 492 672 n'on
517 608 573 672 lroe
597 608 760 690 significare
794 612 829 674 iis
863 611 955 678 uoluit
990 607 1201 694 conservator,
1242 611 1311 677 uul-

336 735 403 800 lum
425 738 554 821 eorporis
573 758 595 802 s.
613 739 687 802 ritus
705 739 872 823 perieulum
887 738 1038 825 discipulis
1053 740 1237 824 imminere,
1253 741 1308 807 sed

337 883 457 948 eorum,
479 885 557 949 qnae
574 886 693 935 summo
711 870 768 933 sint
790 869 886 955 pretio
908 867 1147 954 hrbeudo,nilril
1172 872 1306 938 omniuo

336 995 373 1058 iis
400 994 557 1060 odemturn
577 997 633 1079 iri,
662 1017 757 1082 quum
784 1001 816 1063 in
839 997 900 1066 lide
924 1000 1048 1065 tirmiter
1076 1010 1307 1086 persererautes

336 1123 375 1188 de
400 1127 517 1190 animno
537 1127 644 1191 saltem
669 1127 763 1194 soluto
792 1131 887 1196 soouri
912 1147 975 1194 esse
999 1139 1130 1214 possent

381 1255 427 1321 llo
460 1256 596 1341 ejusdem
627 1258 718 1343 thns
749 1256 823 1346 Cap,
850 1279 906 1325 rss.
933 1259 973 1324 91
1002 1279 1066 1344 sp,
1088 1259 1130 1324 nil
1156 1279 1236 1346 opus
1258 1271 1301 1327 ost

337 1392 373 1450 nt
398 1383 516 1464 dinam,
547 1406 642 1472 quum
670 1387 734 1475 ipse
767 1388 920 1455 liitselrl
954 1387 1117 1473 oenoedat,
1142 1409 1220 1475 eos,
1245 1393 1300 1457 etsi

337 1515 559 1598 quodammodo
596 1535 842 1604 supervacaneos,
879 1527 1014 1587 donorio
1038 1526 1143 1584 lernen
1168 1523 1295 1588 oratione

338 1665 398 1712 nou
420 1645 564 1714 damnari.
608 1649 673 1715 lloe
699 1621 793 1714 unum
820 1649 1007 1716 observatum
1028 1647 1138 1732 velim,
1159 1649 1215 1736 ipso
1239 1649 1285 1713 ills

338 1785 474 1844 oonterta
499 1779 630 1844 oratione
652 1778 812 1864 postulari,
833 1779 911 1844 inter
933 1799 974 1844 rs.
995 1778 1040 1846 20
1063 1785 1096 1842 et
1118 1779 1163 1843 15
1183 1778 1284 1862 aliquid

337 1913 533 1993 interfuisset,
556 1915 705 2000 siquidem
729 1935 837 2002 parum
868 1915 1022 2004 probabile
1047 1925 1112 2000 est,
1133 1916 1240 1984 lesum
1258 1914 1292 1982 sl

336 2047 514 2130 βδέλυγμα
531 2055 602 2126 vrio
635 2051 816 2132 {ponderoso
845 2051 1085 2137 descriptorum,
1111 2053 1211 2138 primo
1233 2068 1296 2116 om·

337 2181 423 2245 nium
439 2178 585 2255 loo'osdr
604 2179 770 2262 ἕνγαστρ)
789 2181 928 2266 ἐχούσας
948 2181 1003 2251 eol
1020 2181 1083 2259 orio
1102 2179 1296 2267 θηλαζούσαις

338 2311 487 2394 rogitasse.
532 2311 622 2394 Digni
654 2330 774 2396 quoqne
807 2319 895 2390 sunt,
931 2313 983 2396 qui
1007 2311 1214 2396 ooulornnlnr,
1239 2311 1297 2378 looi

336 2440 469 2524 parelleli
494 2441 576 2527 apud
600 2440 706 2507 ldnlth.
734 2441 852 2527 (XXIV.
877 2442 919 2505 111
940 2442 1019 2525 sqq.)
1041 2449 1072 2507 et
1094 2441 1190 2526 olus
1206 2441 1294 2526 (Xlll.
1398 2459 1399 2486 l

306 2629 308 2634 .
339 2570 382 2632 11
396 2571 492 2655 squ),
511 2573 622 2656 quippe
648 2573 719 2654 qui,
741 2574 794 2636 elsi
821 2572 915 2637 verbis
937 2571 1106 2658 paullulum
1129 2571 1287 2650 dissonent,
1398 2581 1399 2590 ’

339 2699 551 2764 sententiarum
575 2709 684 2765 'umen
717 2719 796 2766 nexu
829 2719 948 2787 prorsus
977 2719 1048 2766 oum
1070 2710 1172 2768 uentu
1196 2715 1283 2768 roure

339 2829 433 2893 uiout

383 2960 474 3027 Porro
506 2961 597 3026 olirrn
631 2980 670 3024 rs.
703 2957 845 3044 16-18,
870 2959 953 3027 idem
975 2961 1088 3046 quippe
1109 2979 1146 3025 ae
1175 2980 1227 3024 rss
1254 2955 1291 3020 lll

337 3105 382 3176 sq.
409 3091 609 3172 continentes,
642 3091 748 3156 merito
780 3092 812 3154 in
850 3089 1006 3156 Marcionis
1044 3089 1209 3172 Euangelio
1244 3085 1295 3152 de-

338 3220 426 3284 fuisse
459 3221 561 3284 strtnit
596 3219 826 3286 llitselrelins
881 3218 922 3284 At
955 3221 1013 3285 hoe
1048 3218 1198 3284 duntaxat
1235 3233 1298 3304 pro-

337 3349 421 3412 basse
454 3347 596 3414 dioendus
627 3349 701 3432 erit,
734 3369 787 3413 rss.
815 3348 858 3412 17
883 3369 928 3433 sq.
951 3367 1022 3413 euno
1046 3349 1153 3414 noteris
1175 3349 1208 3414 iu
1231 3365 1298 3414 oon·

336 3477 469 3544 eordiam
501 3497 561 3544 uon
593 3495 678 3562 posse
700 3477 803 3561 redigi.
850 3479 1133 3560 verumenimvero,
1156 3485 1193 3544 ut
1214 3493 1297 3562 apra

336 3608 484 3692 uidimus,
517 3607 554 3672 de
586 3609 695 3674 horum
718 3609 852 3693 ipsorum
872 3628 925 3672 rss.
949 3608 1081 3672 absentie
1104 3608 1208 3674 miuus
1231 3624 1300 3673 oon-

336 3748 394 3804 stat
427 3739 497 3824 (l),
527 3758 623 3823 quum
645 3757 662 3804 e
684 3739 830 3806 ooutrnrio
851 3757 891 3804 rs.
915 3736 956 3802 16
980 3737 1107 3804 doluisse
1132 3738 1302 3823 Epipho-

336 3871 425 3933 nius
446 3876 489 3935 lot
511 3869 605 3933 rerbis
626 3875 749 3950 testatus
770 3869 816 3933 rit.
861 3865 1004 3949 Aoeedit,
1032 3869 1182 3932 innortnru
1214 3885 1300 3944 osso,

336 4016 411 4062 uum
432 3998 561 4063 uersibus
587 3998 695 4082 resq.
719 3997 757 4062 do
779 3996 886 4064 eodem
915 3997 992 4062 laeto
1015 4007 1138 4080 egetur,
1173 3997 1212 4062 de
1244 4012 1299 4079 quo

367 4289 453 4358 (11111.
471 4286 650 4348 Bourur,l.
668 4287 723 4352 tp.
741 4284 798 4336 411.
