2864 4996
560 351 720 416 ...13-

158 563 243 644 erigi
269 569 404 646 possunt.
449 561 488 624 lli
512 567 613 626 autem
648 560 699 645 qui
725 579 741 622 a
771 555 926 624 Valentino
961 566 1051 640 sunt,
1077 575 1112 624 eo

150 717 165 748 a
184 692 265 776 quod
289 701 333 756 est
364 689 532 756 seeundum
555 689 701 757 loannem
735 689 902 775 plenissime
928 696 1044 754 utentes
1069 689 1112 754 'ad

149 823 384 888 »ostensionem
404 822 646 906 eonJugationum
668 839 811 897 suarum,
832 839 869 883 ex
890 820 953 905 ipso
970 819 1111 901 detegen-

149 977 164 1008 υ
184 960 231 1016 tur
252 951 328 1016 nihil
354 957 433 1014 reete
460 949 614 1031 dieentes,
648 949 904 1034 quemadmodum
929 948 1129 1024 ostendimus,

152 1081 216 1145 rin
241 1083 340 1167 primo
363 1073 465 1146 libro.”
511 1081 549 1144 Et
574 1080 664 1166 paulo
692 1087 777 1168 post:
804 1079 956 1145 »Etenim
979 1078 1109 1144 ldaroion

151 1217 282 1276 oletum
307 1211 440 1294 reiieiens
460 1210 676 1293 Euangelinm,
700 1212 762 1278 ime
790 1229 857 1276 rere
879 1229 910 1276 se
936 1212 1036 1296 ipsum
1059 1210 1114 1273 ab·

152 1339 319 1404 »scindens
340 1341 377 1404 ub
401 1341 584 1423 Euangelio‚
618 1348 742 1424 portem
765 1341 925 1424 plorioter
942 1359 976 1405 re
998 1339 1113 1404 debore

151 1496 165 1525 u
184 1468 379 1552 Europum?
392 1470 435 1556 (l)
460 1469 562 1554 Adde,
574 1489 651 1554 qnae
669 1471 720 1536 lto.
743 1472 798 1535 lll.
815 1489 841 1536 o.
863 1471 905 1534 l2
927 1471 1063 1555 seripsit,
1079 1479 1113 1534 ut

150 1617 268 1664 eausam
295 1599 484 1682 deelararet,
504 1619 556 1665 our
579 1600 709 1666 llaroion
734 1610 765 1665 et
791 1602 843 1685 qui
867 1619 938 1666 eum
961 1619 997 1665 ee
1022 1598 1112 1664 lueis-

149 1717 245 1810 bant,
278 1737 376 1815 spreta
411 1729 623 1815 Apostolorum
646 1731 844 1811 summitate,
873 1731 981 1795 horum
1006 1729 1113 1817 seripta

150 1861 306 1943 rejieerent
326 1876 469 1942 prorsus,
491 1867 542 1922 ant
564 1857 671 1922 saltem
693 1857 902 1922 adulterarent.
947 1884 962 1914 s
981 1857 1017 1920 Et
1031 1856 1113 1944 Apo-

152 2011 167 2042 ·
186 1986 275 2052 stolus
298 1985 421 2070 quidem
434 1983 462 2067 ,”
486 1987 605 2070 inquit,
637 2014 652 2043 ο
673 1985 771 2051 adhue
793 1995 961 2070 quaesunt
983 1986 1115 2080 ludaeo-

152 2141 166 2172 u
186 2135 253 2181 rum
265 2117 445 2198 sentientes,
465 2117 652 2180 annuntiasse
669 2115 886 2198 Euangelium3
898 2135 929 2180 se
941 2115 1116 2180 antemsin-

152 2271 166 2302 ι
186 2246 310 2311 oeriores
330 2252 360 2309 et
374 2244 581 2329 prudentiores
604 2242 752 2329 apostolis
774 2264 846 2312 esse.
893 2244 1023 2310 Undoet
1036 2245 1116 2310 llar-

155 2374 253 2438 reion
276 2381 306 2438 et
329 2374 381 2457 qui
403 2393 472 2438 oum
487 2392 523 2439 eo
550 2383 642 2456 sunt,
664 2375 705 2438 ed
726 2375 958 2440 intercidendae
975 2377 1116 2440 eorreerrr'

153 2529 168 2560 ι
185 2510 259 2568 serat
282 2505 477 2585 scripturus,
501 2520 644 2587 quasnam
668 2503 790 2587 quidem
813 2504 843 2566 in
862 2512 959 2570 totum
983 2522 1042 2570 non
1066 2523 1117 2570 eo·

152 2632 382 2715 r'pnoseentes,
400 2633 569 2696 seeundum
586 2633 705 2698 dueum
727 2639 833 2698 aurem
852 2633 1063 2718 Eoeopelo'um
1085 2642 1117 2698 et

152 2788 167 2819 r
186 2761 350 2846 Epistulas
375 2762 476 2826 Pauli
496 2763 717 2844 decertantes,
739 2765 812 2828 haee
831 2763 891 2828 sola
907 2764 1038 2846 legitima
1055 2784 1117 2829 esse

153 2917 167 2948 r
186 2891 312 2975 dieunt,
334 2911 411 2976 quae
433 2887 779 2976 ipsi-minoraverunt?
807 2889 922 2970 Quibus
939 2891 1035 2956 effatis
1053 2903 1120 2957 tan·

155 3017 225 3082 dem
250 3019 370 3083 renodat
390 3019 424 3082 id
448 3019 529 3102 quod
550 3019 677 3085 habetur
700 3020 720 3084 l.
743 3020 797 3084 lll.
821 3039 847 3084 e.
873 3020 924 3084 lt.
948 3022 987 3085 l:
1011 3047 1025 3076 r
1044 3022 1119 3085 Etsi

112 3154 116 3163 ‘
154 3172 169 3202 r
188 3144 312 3230 quidem
336 3144 548 3224 refutaverint,
570 3147 601 3210 ni
621 3148 673 3230 qui
693 3166 709 3210 a
731 3147 880 3214 Mareione
896 3156 965 3213 sunt
984 3167 1043 3214 non
1065 3151 1120 3216 ha·

153 3275 300 3342 »benum
322 3274 539 3360 Euangelium:
564 3278 631 3359 (hoo
653 3277 758 3362 enim,
783 3276 863 3360 quod
887 3286 931 3344 est
953 3280 1118 3346 seeundum

101 3433 103 3442 ¹
153 3430 168 3461 s
186 3405 311 3488 Lunam,
321 3404 579 3489 quemadmodum
595 3404 812 3491 praediximus,
823 3407 1041 3493 decertantes,
1056 3411 1120 3492 glo·

153 3534 300 3597 »riantur
321 3553 351 3598 se
374 3535 482 3600 habere
505 3533 728 3621 Euangelium)”
748 3534 801 3620 (2).
844 3631 847 3642 y

199 3663 391 3727 Testimoniis
416 3665 494 3728 hisee
521 3664 728 3746 Lugdunensis
755 3666 892 3751 llpiseopi
926 3667 1120 3736 luculentiora

154 3792 246 3856 etiam
266 3797 353 3874 sunt,
376 3811 452 3875 quae
479 3795 615 3877 perhibet
636 3795 722 3860 nabis
747 3795 1045 3876 Tertullianus,
1070 3801 1121 3865 ubi

156 3920 464 4004 Mareionisdopmata
487 3919 663 4007 disputando
686 3933 815 3992 euertere
826 3935 966 3994 eonatur..
982 3927 1122 3995 Universa

156 4049 361 4070 Μ

192 4077 538 4191 rffimpmem

195 4207 231 4275 (2)
246 4222 273 4277 p.
290 4209 347 4263 tet.
366 4208 423 4262 2³6.
