2834 4996
710 377 759 412 -,
772 348 838 410 elo
851 381 892 396 -

323 550 406 622 olunt
439 548 583 618 romulu
605 546 791 635 Apostolioae
814 549 917 616 aetalia
937 555 972 616 ut
993 545 1128 616 ridentur
1147 548 1289 630 indieia,
1408 511 1409 572 Ξ

325 699 402 766 quas
435 681 468 745 in
498 680 564 766 ipso
596 679 648 749 illo
682 680 757 748 libro
792 681 988 766 reperiuntur.
1042 679 1194 764 imprimis
1228 681 1297 746 hue

324 809 439 878 reioro:
466 810 538 878 lun
566 809 618 876 lX.
640 809 810 894 et,x111.
835 809 878 880 26
903 807 1035 877 erunt
1063 809 1128 893 27,
1151 809 1195 874 ὅθ
1221 829 1295 895 sq.‚
1367 842 1371 848 ·

326 941 436 1026 quihus
467 939 539 1007 loeis
572 941 649 1007 raris
677 941 865 1009 eontinentur
902 940 1063 1024 ratioinia,
1092 940 1220 1025 jamjam
1244 940 1292 1006 iu·
1408 921 1409 946 ³

326 1078 430 1136 lurum
473 1088 625 1156 propeque
661 1072 820 1138 instantem
855 1070 950 1154 lesu,
988 1079 1143 1154 tamquam
1182 1069 1296 1136 mundi

323 1197 450 1284 judicis,
474 1199 605 1266 reditum
621 1202 801 1287 spectantia,
815 1218 943 1286 quornm
966 1216 1033 1265 rero
1058 1207 1161 1285 aperto
1175 1201 1294 1282 sensui,
1408 1269 1409 1274 ,

327 1330 351 1395 si
384 1329 516 1415 ipsorum
551 1331 706 1398 verborum
740 1331 984 1413 significationem
1018 1347 1145 1412 urgeas,
1171 1337 1294 1396 eventus
1408 1369 1409 1422 q

328 1476 436 1543 porum
473 1457 656 1544 respondisse
691 1459 835 1542 dioendns
866 1468 919 1546 est
965 1456 1067 1542 Sene,
1089 1461 1113 1524 si
1135 1457 1291 1526 ldareionis
1408 1427 1409 1438 ἵ

328 1585 454 1664 demum
477 1595 589 1672 rotate,
612 1596 664 1655 aut
685 1591 778 1654 serius
799 1589 998 1656 etinaneae
1016 1589 1140 1675 scriptor
1160 1589 1286 1672 vixisset,

329 1735 391 1782 non
424 1735 606 1802 magnopere
639 1717 839 1784 dubitandum
872 1718 1010 1802 ridetur,
1044 1720 1117 1803 quin
1143 1716 1282 1802 eiusmodi

331 1845 419 1912 effeta
452 1846 642 1932 expunxisset
667 1849 788 1933 potius,
815 1857 867 1915 out
891 1850 933 1914 ito
960 1849 1064 1914 saltem
1086 1849 1289 1936 immutasset,

330 1990 365 2048 ut
385 1984 559 2077 narrationis
583 2001 654 2049 suae
676 1981 849 2068 ἀσφάλεια
870 1985 952 2070 (Lus.
975 1986 1001 2050 l.
1023 1986 1057 2074 d)
1078 1986 1110 2048 in
1133 1984 1290 2050 discrimen

330 2112 425 2178 reneri
448 2130 508 2178 non
525 2120 630 2197 posset
651 2110 705 2199 (l).
948 2085 949 2092 ἵ

307 2259 316 2270 ‘
371 2239 486 2324 Quodsi
518 2248 622 2307 nutem
655 2243 729 2308 haee
766 2243 864 2308 omnio
898 2245 1080 2327 eonjunotim
1102 2251 1291 2328 spectemus,

329 2370 478 2456 simulque
513 2371 669 2438 nobnnum
703 2359 900 2457 reputemus,
931 2372 1014 2456 quod
1031 2375 1096 2458 jam
1117 2392 1207 2459 snprr
1232 2393 1293 2440 nro·

330 2519 401 2564 nere
435 2518 485 2566 me
522 2501 671 2582 memini,
710 2501 827 2588 saepius
869 2518 931 2567 non
973 2501 1122 2585 intelligi,
1165 2521 1291 2587 quonam

331 2628 452 2696 oonsilio
473 2629 665 2714 interpolator
688 2631 721 2693 in
743 2629 948 2716 interpolando
971 2634 1085 2715 egerit,
1108 2650 1196 2716 quum
1216 2632 1285 2696 suo-
1403 2597 1405 2608 Ι

272 2803 274 2807 ψ
329 2756 400 2822 inde
435 2757 577 2825 nonnulle
616 2757 764 2828 addidisse
799 2758 942 2828 dioendus
967 2762 1026 2844 sit,
1060 2781 1161 2846 quoe,
1185 2779 1287 2845 quam·

331 2907 422 2971 qnam
464 2888 555 2954 inrisa
592 2886 735 2961 Marcioni
773 2908 835 2954 esse
873 2888 1037 2975 deberent,
1069 2892 1159 2976 lruqu
1195 2900 1294 2957 tamen
1408 2923 1409 2926 ¹

331 3016 485 3084 refellendi
534 3015 667 3082 studium
706 3036 745 3084 ne
782 3038 799 3084 e
834 3019 995 3104 longinquo
1039 3019 1165 3106 prodere
1215 3020 1294 3086 ride·
1408 3049 1409 3104 ι

331 3164 419 3220 antur
453 3153 501 3238 (oi.
535 3154 587 3220 lv.
622 3153 685 3220 to:
727 3152 764 3224 od
786 3147 821 3231 ἦν
845 3153 1057 3238 ιιθριιμμὲιις
1087 3155 1124 3222 x,
1152 3158 1193 3222 21
1235 3156 1288 3226 καὶ
1408 3105 1409 3178 2

332 3293 385 3367 ver
407 3297 484 3381 ιιι,
518 3310 605 3376 porro
639 3289 718 3356 rvr.
748 3289 812 3374 rr,
845 3290 910 3357 rx.
933 3290 999 3374 ar,
1032 3290 1109 3357 ιιι.
1140 3290 1181 3356 rs
1203 3293 1293 3377 ιιι),
1408 3253 1409 3260 ‘

332 3425 438 3502 epneta
461 3420 550 3502 igitur
566 3421 617 3486 illa
636 3422 661 3484 si
680 3422 813 3487 unirorse
836 3428 1027 3507 reputemus,
1045 3439 1123 3505 quae
1139 3422 1295 3506 hueusque
1408 3439 1409 3450 ¹

331 3547 370 3613 de
388 3548 538 3616 Marcione
558 3569 575 3616 a
598 3550 684 3616 nobis
706 3550 784 3616 diota
799 3549 990 3636 sunt‚deque
1002 3553 1067 3636 ejus
1076 3551 1108 3614 in
1119 3548 1297 3636 explicanda

331 3676 362 3745 S.
386 3677 538 3766 Soriptura
561 3681 674 3748 ratione
696 3699 713 3746 e
733 3691 854 3768 patrum
878 3682 1075 3764 testimoniis,
1096 3699 1152 3747 neo
1174 3697 1244 3746 nou
1263 3680 1295 3746 do
1408 3657 1409 3696 l

331 3851 560 3870 Μ

362 3965 396 4032 (1)
413 3969 448 4020 Gi.
464 3984 529 4034 quae
547 3983 684 4034 anonymus
700 3968 804 4035 scriptor
817 3968 888 4019 libri:
906 3970 946 4020 dia
961 3970 1110 4035 Eranpslien
1122 3987 1150 4018 u·
1164 3965 1226 4020 ihre
1237 3972 1299 4022 Ver·

327 4054 402 4102 famer
417 4071 442 4104 u.
452 4069 471 4104 s.
480 4070 528 4118 rr.‚
544 4071 626 4122 nuper
641 4053 688 4107 hoo
704 4057 735 4109 da
750 4071 777 4107 re
792 4057 890 4121 eoripsit
904 4057 931 4105 in
944 4055 1066 4124 opusenlo
1082 4057 1122 4106 uui
1136 4056 1231 4107 titulus
1247 4063 1296 4108 ert:

326 4139 367 4190 ltu
385 4155 415 4190 arr
436 4137 546 4194 rrelohar
568 4143 637 4206 zoio,
661 4142 715 4194 und
736 4159 786 4194 rou
804 4159 869 4196 rranr
884 4159 952 4196 mura
968 4144 1011 4196 der
1026 4143 1296 4210 tetre-aramma

325 4227 447 4293 repserat
461 4227 562 4282 rrordon
578 4229 651 4282 rainl
667 4246 692 4298 p.
709 4230 743 4284 39
757 4245 813 4297 sqq.
