2864 4996
536 374 697 434 ...57-

180 578 279 663 Atque
301 579 342 643 aie
358 576 446 642 simul
469 577 608 640 transitus
627 575 665 640 ad
683 573 774 657 illud,
789 573 869 657 quod
891 572 1020 640 seeundo
1032 574 1095 640 loeo

137 694 316 792 posulruus,
337 695 547 788 argumentum
570 705 655 770 nobis
678 711 806 788 paratur.
840 704 993 770 Enimvero
1016 703 1096 787 quod

136 847 199 903 tarn
215 839 301 903 -malo
323 835 481 903 Marcionis
507 833 700 917 Euangelium
729 833 766 898 ab
789 833 948 916 Euangelio
972 832 1096 899 llaroio·

137 971 226 1035 nitieo
243 967 398 1049 distinguit
419 964 722 1046 Tertullianus,
744 966 833 1049 nujus
848 965 889 1029 rei
904 983 990 1030 eausa
1006 983 1099 1048 quan

138 1085 403 1163 rerr'da'nonnullis
425 1095 622 1162 reeentiorum
641 1095 726 1159 unies
752 1093 866 1159 ridetur
888 1096 918 1158 in
943 1095 1097 1179 praeiudi·

139 1229 235 1310 eatis,
254 1247 327 1310 quas
342 1227 513 1312 praesertim
540 1224 579 1290 do
604 1226 814 1290 ecelesiastioae
840 1223 1004 1292 traditionis
1025 1227 1098 1289 seri-

123 1363 208 1422 ‘tato‘
226 1343 315 1440 atque
335 1343 517 1424 ¹auotoritate
539 1353 882 1441 lovebat‚opinionlbus.
929 1356 993 1420 llas
1015 1359 1097 1440 ipsae

139 1474 265 1571 autent,
283 1471 471 1572 ‘eotfnnotim
487 1505 557 1552 oum
579 1486 642 1550 aliis
656 1485 758 1550 multis
770 1531 780 1568 ,
793 1487 945 1570 opiniones
969 1485 1098 1572 impedi·

136 1603 252 1684 triento
265 1618 301 1682 ils
334 1612 424 1696 sont,
449 1618 610 1701 quominus
641 1624 707 1680 tum
743 1617 844 1698 hune,
870 1623 935 1680 turn
964 1625 1096 1693 eeteros,

136 1733 266 1832 qnorun'a
283 1747 396 1813 mentio
429 1745 506 1810 lauta
538 1754 604 1826 est,
626 1744 760 1810 dootores
781 1753 937 1829 patresque
960 1745 1098 1810 eooloaiae

139 1877 264 1942 idoneos
296 1875 426 1938 veritatis
461 1881 550 1938 testes
581 1873 732 1954 habeant,
754 1891 917 1956 eorumque
945 1873 1032 1938 allata
1059 1877 1097 1938 ita

125 2006 241 2089 magni
274 2003 405 2086 laelant,
438 2013 472 2068 ut
504 2003 540 2067 iis
572 2003 640 2068 solis
669 2002 850 2068 llaroionem
881 2002 945 2068 latai
968 1991 1099 2069 oonrinoi

137 2136 325 2201 arbitrentur.
346 2141 349 2149 '
371 2132 450 2214 Quid
470 2133 578 2198 onim?
621 2133 663 2204 Ut
680 2133 891 2216 Euangelium,
913 2153 974 2218 quo
997 2134 1100 2200 Ponti·

138 2284 191 2330 ons
212 2267 336 2350 ejusque
357 2263 494 2351 discipuli
522 2264 702 2340 utebantur,
732 2264 953 2349 eorrumpendo·
973 2284 1016 2331 ao·
1030 2282 1099 2330 uru-

139 2392 252 2459 tilando
272 2413 289 2458 e
311 2394 409 2458 nusae
429 2392 548 2475 digestis
570 2403 669 2460 ortum
687 2411 767 2471 osse,
791 2392 1030 2494 demonstretur,
1052 2415 1100 2459 sa·

121 2522 1098 2608 dwmmmfflwwmmwmfflmmwe

137 2653 366 2720 monstrandum
386 2640 476 2719 ¹esset
507 2653 687 2738 provocasse.
738 2650 788 2722 Sio
818 2655 897 2719 verbi
933 2673 1041 2732 eausa,
1066 2663 1099 2720 ut

138 2769 247 2850 unum¹
267 2787 381 2867 eitam,
418 2771 696 2850 Tertullianus
730 2785 794 2850 loeo
819 2787 883 2868 jam
910 2803 996 2882 supra
1018 2786 1098 2852 laud.

139 2914 203 2978 adv.
219 2914 309 2980 lllare.
325 2915 349 2978 1,
362 2900 454 2980 llo.
470 2915 550 2977 lt»
568 2913 646 2996 Ego’
669 2915 766 2998 inquit
784 2941 798 2971 ι
813 2913 969 2981 Marcionis
990 2915 1100 2999 (liuen-

139 3069 154 3099 »
170 3041 293 3127 galium)
322 3041 437 3107 affirmo
471 3040 688 3125 adulteratum,
716 3042 848 3109 Marcion
870 3060 983 3107 meum.
1029 3043 1102 3123 Quis

138 3200 153 3230 a
173 3174 251 3238 inter
276 3190 330 3238 nos
348 3170 581 3253 determinabit,
604 3171 659 3234 nisi
678 3171 820 3255 temporis
843 3171 934 3254 ratio,
957 3174 984 3238 ei
1015 3191 1101 3258 prae-

130 3321 344 3342 *ι-ώιιιιι

120 3449 125 3456 ,
140 3397 249 3448 weloher
265 3415 291 3450 er
307 3400 351 3448 das
365 3397 563 3448 marcionitiaohe
583 3397 743 3464 Evangelium
754 3398 873 3460 mutat,
886 3401 914 3466 js
929 3402 1000 3452 uioht
1011 3402 1099 3452 einmal

140 3484 241 3544 daron,
257 3485 331 3552 eber
344 3483 453 3554 antlden
472 3479 620 3536 Antitheaen
638 3483 698 3534 oder
712 3499 757 3534 aua
775 3485 831 3535 deur
846 3485 1006 3550 Evangeliuru
1024 3489 1102 3538 selbot

139 3571 208 3630 aeine
230 3571 426 3638 Behauptuugeu
448 3575 511 3626 siber
533 3577 576 3626 dea
597 3575 700 3625 letatura
719 3573 830 3638 sohdplt3
841 3571 903 3635 und
919 3587 994 3621 wenn
1007 3573 1101 3623 Halon

138 3674 165 3710 ea
181 3672 209 3709 ao
223 3673 284 3722 gana
298 3659 483 3710 unbedenklioh
498 3663 551 3714 und
563 3660 723 3726 ausgamselrt
738 3658 834 3719 findet,
851 3658 907 3708 dass
922 3660 1101 3712 Tertullian

139 3746 189 3796 sen
201 3746 260 3795 sext
275 3745 455 3797 uererentur
469 3748 522 3798 een
536 3747 628 3812 gennas
642 3747 720 3808 neue,
736 3761 764 3795 to
778 3746 886 3818 gulae
903 3745 957 3795 uon
972 3729 1039 3818 aleae
1053 3744 1101 3794 rn-

138 3829 205 3880 sielrt
219 3829 266 3879 aul
277 3831 333 3881 elue
349 3831 538 3898 slurohgaingigo'
560 3833 730 3898 ldisadeutuug
753 3832 796 3884 dea
816 3833 903 3883 Worts
924 3831 1101 3897 evangelium,

140 3917 286 3967 dealdune
303 3916 408 3980 inaurea,
427 3935 455 3968 so
472 3920 509 3968 olt
524 3919 726 3969 Tertulliau
743 3935 791 3968 sou
805 3918 1028 3982 deurernngelium
1042 3918 1103 3968 llar-

140 4003 218 4051 oionia
240 4005 353 4069 aprinht,
378 4006 443 4056 ohne
467 4006 581 4056 weitereo
603 4006 648 4054 aul
668 4005 716 4056 den
741 4004 941 4054 veratrimmelten
961 4005 1039 4053 leneas
1060 4003 1103 4052 be·

141 4089 231 4139 aiaht.”
253 4089 366 4141 Ceterum
383 4093 451 4156 quod
468 4092 499 4141 de
515 4090 743 4140 Tertulliano
760 4089 922 4151 dictumest,
946 4091 971 4139 id
990 4091 1015 4138 iu
1038 4075 1103 4137 lra-

145 4191 262 4225 uaeuru
293 4197 394 4244 qnoque
417 4180 515 4240 valere,
544 4177 719 4240 animadversio
743 4181 781 4225 eat
805 4176 1016 4237 llitselrslii,
1042 4175 1059 4226 l.
1085 4175 1103 4225 l.

145 4280 169 4328 a·
187 4261 219 4311 ²⁶
237 4279 273 4327 u·
594 4265 595 4272 ’
