2812 4992
735 373 896 432 ...72-

363 567 574 636 'Perlustratis
593 569 682 651 igitur
715 568 858 651 siugulis,
893 568 945 650 qui
970 585 1007 632 ox
1030 567 1160 649 epistolis
1181 565 1313 649 paulinis

342 721 359 766 a
382 700 531 766 Marcione
553 699 662 764 sublati
685 699 900 782 perhibentur,
923 697 1017 778 locis,
1038 697 1141 780 paucis
1163 697 1252 762 uobis
1275 696 1313 760 cle

348 831 481 895 universo
505 831 570 913 ejus
598 827 767 913 Apostolico
793 828 978 892 mouendum
1004 835 1146 910 superest
1192 822 1315 890 Scilicet

345 960 460 1023 crimini
484 960 511 1022 ei
536 957 640 1023 datum
665 957 744 1039 luit,
766 956 848 1040 quod
869 975 967 1040 nequo
986 966 1071 1039 tota,
1093 974 1190 1038 neque
1205 957 1316 1018 osraoio

349 1089 434 1153 Pauli
448 1089 555 1173 scripta
578 1088 609 1150 iu
631 1085 785 1152 Gaucuem
808 1105 897 1152 suum
919 1087 1071 1170 receperit
1102 1083 1143 1149 At
1165 1104 1316 1167 quaenam

344 1220 452 1284 horum
475 1216 644 1326 repudiasse
667 1217 785 1282 fertur?
829 1217 995 1301 ipsissimas
1016 1216 1081 1278 illas
1103 1214 1265 1299 epistolas,
1281 1214 1317 1276 do

346 1371 474 1437 quarum
498 1350 595 1438 νοθείᾳ
617 1354 648 1416 iu
671 1351 735 1417 dies
759 1354 854 1435 magis
889 1355 966 1418 inter
1001 1355 1076 1418 riros
1106 1352 1208 1417 doctos
1246 1372 1318 1418 corr·

349 1493 429 1565 stat,
455 1484 595 1568 epistolas
626 1484 688 1549 scil.
724 1483 762 1548 ad
796 1485 989 1548 Timotheum
1021 1482 1117 1564 duaa,
1148 1482 1187 1546 ad
1210 1483 1319 1546 'litum

347 1631 467 1695 unam,
489 1622 519 1677 et
541 1613 644 1690 illam,
668 1631 745 1696 quae
781 1612 819 1676 ad
847 1613 998 1678 Hebraeos
1030 1613 1168 1698 iuscripta
1198 1613 1316 1694 legitur.
1368 1703 1369 1708 γ

349 1741 484 1809 Profecto
506 1741 544 1808 tle
566 1744 613 1806 his
635 1743 775 1808 omnihus
797 1743 898 1825 salet,
920 1741 1002 1824 quod
1027 1759 1115 1825 supra
1139 1740 1177 1805 de
1200 1741 1317 1806 duobos

349 1871 488 1954 epistolae
503 1871 541 1936 acl
564 1873 651 1938 llom.
676 1872 823 1956 capitibus
848 1873 961 1936 ultimis
984 1873 1182 1954 monuimus,
1206 1874 1316 1955 ubsque

353 2003 435 2066 omni
470 2019 580 2086 nempe
616 2001 707 2068 dubio
736 2003 843 2086 scripta
876 2003 931 2065 ista
955 2003 986 2064 iu
1009 2000 1130 2066 Conone
1156 2003 1221 2084 ejus
1246 2004 1314 2065 hanc

351 2132 437 2194 unice
460 2132 498 2196 ob
530 2151 649 2196 causam
679 2150 741 2196 uon
772 2131 942 2214 exstitisse,
978 2130 1059 2214 quod
1086 2133 1190 2196 acutia
1216 2151 1307 2196 eorura

352 2269 479 2325 autnon
495 2260 533 2322 ad
557 2279 628 2325 eum
647 2261 830 2344 peruenerit,
854 2269 923 2336 aut,
935 2263 958 2322 si
981 2261 1225 2343 peruenisset,ea
1242 2271 1303 2324 tau*

352 2408 444 2471 quam
475 2407 535 2454 non
558 2390 685 2471 genuina
709 2390 740 2454 in
763 2388 969 2477 Apostolicum
993 2409 1081 2466 suum
1104 2392 1235 2474 recipere
1253 2393 1311 2474 Jure

353 2521 529 2596 recusaverit
549 2521 610 2605 (l).

782 2651 808 2731 ,
845 2650 885 2716 ιι.

358 2881 450 2982 Curet
472 2928 592 2992 quoque
620 2907 848 2992 mobohilitoto
869 2907 1033 2986 adsertio,
1052 2909 1248 2974 Marcionem
1261 2956 1273 2990 ,
1286 2927 1319 2972 eo

401 3057 463 3122 poc
478 3038 587 3124 serim
600 3039 717 3121 modo,
735 3039 800 3102 cim
821 3035 969 3102 iotoliss'c
987 3038 1090 3103 meas
1106 3039 1293 3122 Eooopelio.

367 3322 372 3328 ·
404 3298 544 3364 Secundo
572 3301 636 3364 loco
670 3300 771 3380 veuit,
803 3295 883 3380 quod
918 3295 1207 3382 Olslrauscuic,
1229 3299 1322 3363 Hah-

358 3431 421 3497 uio
445 3429 609 3510 ceterisque
632 3427 790 3494 Marcionis
804 3429 1021 3494 accusatoribus
1034 3437 1239 3513 opposuerunt
1256 3449 1323 3495 cum

339 3604 344 3614 .
363 3557 432 3640 alii,
445 3566 512 3622 tum
524 3558 672 3641 imprimis
691 3554 980 3642 Schweglerus,
1002 3558 1116 3634 pullam
1131 3558 1242 3623 scilicet
1259 3579 1323 3644 pro·

355 3710 581 3736 Q——w-ffl’

367 3831 370 3838 ·
394 3803 429 3869 (l)
446 3805 549 3866 Baua,
566 3803 584 3853 l.
601 3802 619 3853 l.
635 3819 660 3868 p.
675 3801 739 3854 420:
758 3806 819 3855 »Ba
833 3804 867 3854 iat
883 3806 909 3854 iu
926 3804 971 3854 cler
986 3800 1049 3852 lhat
1064 3803 1155 3853 leichet
1169 3803 1323 3856 hemericus

360 3885 459 3951 worth,
477 3891 526 3938 wie
549 3891 685 3954 penetralis
703 3892 831 3941 llesullete
848 3891 892 3940 der
906 3905 1015 3940 ueuereu
1032 3889 1169 3938 larititolreu
1188 3889 1323 3940 Forsohuu·

360 3991 408 4042 gen
423 3975 450 4023 iu
465 3974 560 4022 lielrell
572 3975 615 4024 cler
631 3977 801 4041 pauliniaohen
824 3977 903 4026 liriele
926 3977 973 4024 mit
996 3976 1152 4040 demjerrigert
1175 3991 1323 4025 zusammen·

359 4061 465 4121 trell'ert,
483 4076 533 4110 was
546 4057 599 4111 sich
613 4063 638 4111 iu
656 4064 705 4113 den
721 4058 914 4113 verschiedeuen
930 4064 1048 4129 usgaban
1073 4065 1135 4116 iiber
1159 4064 1208 4115 olen
1224 4065 1323 4116 marcio

357 4141 482 4195 uitisclren
499 4147 584 4199 llauon
606 4147 642 4206 als
663 4148 706 4197 dsa
723 4149 798 4198 allelu
814 4147 943 4202 liewihrte
959 4150 1010 4202 uriel
1026 4149 1126 4202 stolicis
1141 4151 1252 4221 erpilat.’²
1286 4151 1317 4207 Cf..

355 4251 419 4310 quae
435 4235 533 4300 scripsit
547 4230 692 4285 Ritsohl.
710 4235 728 4284 l.
746 4236 762 4286 l.
780 4253 805 4303 p.
822 4237 871 4298 1⁵8
886 4253 925 4312 oq,
