2812 4992
691 343 870 404 ..120-

293 550 338 608 set
360 539 402 605 illi
423 540 467 626 (1)
474 547 485 618 ,’
507 581 547 594 --
569 540 613 605 1ο.
637 539 851 606 observandum
873 558 954 624 esse,
976 531 1019 602 ut¹
1038 538 1076 602 ab
1105 537 1168 602 aliis
1182 539 1255 622 jure

299 671 485 738 observatum
507 669 585 753 luit,
606 669 716 735 librum
738 673 828 736 istum
854 668 894 734 ad
915 668 1072 735 llarelonis
1093 667 1260 732 doctrinam
1383 701 1384 738 g

297 801 419 866 omniun
445 798 578 884 adaptari
602 817 663 866 non
686 801 835 884 potuisse,
858 809 892 864 ut
915 798 957 862 nil
982 797 1145 879 miremur,
1168 815 1261 877 eum,
1383 783 1384 788 ’

301 928 532 1014 epdomadam,
555 929 651 994 luere
678 927 788 1012 digestu
811 929 898 1011 longe
921 926 1093 1013 praetulisse
1115 927 1169 1009 (A).

342 1059 431 1124 Aeta
453 1057 663 1144 Apostolorum
699 1059 742 1124 im
782 1058 939 1124 ldsroionis
975 1056 1097 1124 Conone
1133 1055 1262 1121 defuisse
1381 1047 1382 1062 ¹

299 1197 491 1270 eonsta13an
516 1207 584 1254 vero
607 1190 635 1252 ei
658 1189 857 1268 innotuerint,
879 1206 940 1254 non
963 1206 1057 1271 aeque
1079 1195 1159 1252 eerto
1183 1186 1262 1250 affir-

298 1321 374 1384 mari
408 1338 492 1403 posse
516 1317 640 1383 ridetur.
686 1318 736 1382 llst
762 1321 835 1383 haee
861 1316 983 1401 quidem
1011 1316 1265 1382 Tertulliani

299 1449 463 1532 sententia,
482 1467 573 1532 quam
589 1457 693 1512 'tumen
713 1457 844 1514 nostrum
866 1447 962 1513 iuuere
985 1449 1061 1512 hano
1082 1443 1120 1513 ob
1143 1466 1264 1510 oensem

297 1578 459 1676 paululum
488 1597 640 1661 veremur,
674 1577 755 1661 quod
781 1577 861 1643 nulls
889 1577 1010 1662 prolerri
1041 1578 1151 1660 possint
1174 1596 1265 1658 orgu-

301 1715 423 1790 mente,
457 1706 566 1791 quibus
599 1707 710 1772 librum
743 1709 856 1772 hunone
887 1710 952 1792 jum
983 1707 1140 1772 lllareionis
1169 1719 1265 1771 aetate

301 1835 332 1900 in
355 1857 443 1902 usum
466 1839 577 1904 venisse
600 1838 741 1922 probetur
765 1837 817 1923 (5).
865 1834 942 1902 Saue
965 1839 990 1901 si
1012 1838 1114 1902 notitia
1139 1839 1207 1921 ejus
1228 1838 1264 1902 ad

302 1967 483 2034 Marcionem
517 1965 629 2052 perlate
663 1977 726 2050 est,
760 1986 846 2032 eausa
881 1965 965 2030 laeile
996 1965 1118 2030 divinari
1150 1975 1262 2050 potest,

302 2118 354 2162 eur
387 2098 424 2161 nb
458 2097 549 2162 hoeee
582 2095 755 2181 repudiatus
789 2097 834 2160 sit.
881 2097 950 2160 lam
986 2096 1088 2160 titulus
1120 2097 1183 2180 ipse
1204 2097 1257 2160 rire

303 2229 412 2292 inrisus
445 2245 507 2290 esse
540 2225 663 2308 debuit,
687 2227 758 2309 qui,
782 2234 815 2289 ut
844 2226 1037 2290 lreueeus
1059 2224 1165 2302 refert,
1186 2223 1254 2308 (adr.

304 2358 394 2422 llaer.
426 2356 479 2421 lll.
505 2357 558 2443 19)
581 2356 681 2441 palem
704 2355 851 2441 professus
873 2363 935 2438 est,
958 2383 972 2412 υ
992 2354 1148 2439 Apostolos
1171 2352 1262 2418 adhue

304 2512 319 2542 r
337 2505 415 2568 quae
446 2459 524 2551 sunt*
545 2485 731 2552 ludaeorum
757 2482 936 2567 sentientes,
958 2486 1146 2549 annuntiasse
1170 2485 1265 2548 Euan·

305 2642 320 2671 a
340 2615 486 2707 pelium„
504 2633 534 2678 se
568 2623 670 2680 autem
711 2615 821 2702 (ipsum
854 2633 924 2680 enm
952 2616 1021 2700 suis)
1044 2615 1215 2680 sineeriores
1240 2624 1269 2677 et

305 2744 546 2829 »prudentiores
579 2743 727 2828 Apostolis
760 2741 849 2809 esse?
893 2743 1017 2827 Neque,
1052 2751 1085 2808 ut
1116 2744 1269 2824 norimus,

306 2873 395 2939 eliam
430 2874 467 2940 oh
501 2893 622 2938 eausam
657 2839 853 2956 Euangeliou
886 2893 994 2952 suum,
1025 2874 1111 2940 titulo
1135 2884 1270 2955 mutato,

309 2995 347 3068 eb
369 3005 433 3089 ipso
454 3003 571 3071 Christo
594 3006 793 3089 eouseriptum
817 3005 905 3071 luisse
928 3003 1076 3069 simularit
1098 3003 1152 3091 (1).
1182 3005 1270 3072 Porro

308 3134 402 3199 multa
433 3134 621 3200 eontinentur
654 3131 797 3200 Asterum
832 3133 927 3217 libro,
949 3152 1026 3217 quae
1053 3152 1123 3198 oum
1145 3133 1270 3199 ldareio·

309 3265 355 3328 nis
389 3263 503 3348 plaoitie
536 3263 618 3329 nullo
651 3263 741 3328 modo
774 3265 805 3326 in
839 3263 1025 3331 eoneordium
1061 3262 1155 3346 redigi
1186 3273 1270 3348 pote-

309 3400 376 3456 rent
394 3391 447 3476 (ll).
471 3390 538 3472 Quo
557 3391 679 3456 tandem
698 3391 827 3476 aceedit,
846 3392 928 3475 quod
947 3404 1048 3461 auctor
1059 3393 1226 3480 huJusliltri
1239 3395 1267 3456 iu

345 3595 380 3663 (1)
397 3597 512 3661 Corrodi,
542 3599 714 3665 lleleuelttung
743 3600 788 3650 dee
815 3599 976 3648 Bibelenuous
1004 3599 1038 3651 11.
1066 3615 1092 3665 p.
1114 3597 1177 3662 1⁷1,
1200 3599 1270 3663 eujus

312 3684 449 3734 wntenliae
465 3683 590 3734 caleulum
606 3684 699 3753 adjecit
714 3685 954 3750 Sehrreglerus,
969 3686 987 3736 1.
1004 3686 1022 3736 l.
1038 3686 1059 3736 Ι.
1076 3702 1101 3752 p.
1116 3685 1174 3736 282.

346 3767 381 3835 (2)
397 3770 497 3833 llalru,
515 3770 533 3820 l.
549 3771 567 3822 1.
584 3786 610 3836 p.
628 3769 686 3820 269.

345 3856 380 3918 (3)
397 3856 433 3906 Cf.
456 3856 488 3905 ad
509 3856 570 3918 hoe,
589 3871 637 3906 nee
652 3871 703 3905 uon
718 3857 750 3906 ad
765 3873 793 3908 ea
810 3874 875 3924 quae
890 3875 946 3908 mox
960 3864 1115 3924 sequuntur,
1130 3873 1188 3907 run
1203 3859 1270 3907 θοι·

310 3944 433 4004 tereee,
457 3958 516 3994 orer
539 3943 571 3993 de
595 3942 692 3991 uuerde
715 3958 763 3992 ran
786 3945 817 3996 de
840 3945 1009 4009 Herrdelingeu
1024 3945 1068 3994 der
1081 3943 1229 4012 Apooteleu,
1245 3959 1269 4009 p.

312 4026 354 4078 15.
371 4043 428 4092 sqq.

345 4111 380 4179 (1)
398 4112 476 4167 nist.
492 4115 523 4166 de
539 4121 607 4166 reete
623 4115 673 4167 fide
689 4131 715 4182 p.
731 4114 764 4166 12
780 4115 854 4183 lodie
868 4115 999 4184 Wetstl.

344 4195 380 4267 (5)
395 4200 451 4250 llue
474 4206 586 4268 spectant
609 4202 805 4254 Tertulliani
829 4205 861 4255 ad
881 4204 1026 4256 Marcionem
1045 4205 1130 4258 rerba:
1150 4206 1225 4254 »Cur
1241 4219 1267 4254 eu
