2864 4996
531 369 694 428 πω..

120 581 244 682 ἐντολὴ
267 581 373 661 πρώτη
400 579 432 644 la
456 577 647 663 lacrymis
667 569 727 652 ill·

152 743 155 754 ¹
176 715 313 798 Reliqui,
335 715 387 798 qui
410 721 510 778 contra
533 713 715 778 Marcionem
727 713 833 777 adferri
848 715 961 796 olent,
980 709 1035 780 loci
1052 715 1092 778 itt

132 844 192 908 lero
204 845 351 909 habentur
361 843 547 926 comparati,
562 851 596 906 nt
607 843 642 906 iis
656 844 795 927 inspectis
817 845 999 927 »souptmae
1013 845 1096 909 ritis-

131 973 241 1039 annm·
265 974 333 1038 data
354 991 442 1056 opera
465 991 535 1037 eum
565 973 746 1038 commisisse
768 973 908 1037 acclesiae
930 972 1098 1039 doctoribus

132 1105 179 1169 rix
201 1113 254 1167 ant
273 1119 312 1166 ne
334 1103 380 1167 rix
404 1101 525 1185 quidem
546 1102 671 1167 'concedi
691 1122 707 1165 a
729 1103 815 1168 nobis
837 1121 922 1186 posse
945 1103 1086 1167 rideatur.

177 1233 274 1314 llum,
297 1251 371 1316 qnae
402 1233 540 1314 leguntur
565 1231 629 1296 Gal.
654 1233 707 1295 lll.
729 1231 812 1296 e-ae
827 1276 837 1313 ,
855 1231 1005 1296 sustulisse
1027 1252 1097 1316 pro·

135 1360 235 1426 ditum
257 1362 381 1442 legimus
404 1362 441 1426 ab
471 1363 712 1444 Hieronymo
741 1361 873 1445 (Cornrn.
898 1362 928 1425 in
952 1363 1037 1446 epist.
1061 1362 1099 1426 ad

136 1491 199 1556 Gal.
227 1511 253 1556 a.
281 1493 311 1555 h.
333 1491 375 1576 l.).
421 1490 507 1556 ldem
538 1511 658 1574 quoque
690 1511 706 1555 a
737 1490 1018 1575 Tertulliano,
1049 1511 1100 1558 cu·

130 1624 180 1706 jus
206 1622 379 1686 austeritate
402 1623 457 1686 niti
486 1620 602 1686 ridetur
627 1622 910 1704 Hieronymus,
934 1621 1102 1704 affirmari,

134 1752 279 1816 llalnnii
301 1753 489 1832 aliorumque
521 1753 665 1814 sententia
688 1759 741 1815 est.
788 1749 827 1814 At
849 1771 926 1834 qnae
949 1753 1008 1816 lanc
1031 1769 1100 1836 per-

136 1883 235 1944 tinent
255 1883 345 1963 huius
366 1881 458 1964 patris
485 1880 572 1943 rerba
606 1878 684 1958 (adr.
707 1879 798 1944 llaro.
823 1881 858 1944 ll.
883 1880 918 1964 il)
941 1883 1104 1948 accuratius

104 2085 107 2095 ,
138 2010 340 2091 intuentibus,
362 2009 447 2072 facile
463 2009 554 2074 nobis
573 2017 673 2092 patere
688 2009 772 2073 aiunt
788 2006 945 2074 Marcionis
955 2009 1103 2093 lautores,

137 2140 247 2204 exinde
270 2140 311 2202 nil
334 2137 414 2204 aliud
434 2142 515 2222 justo
540 2138 631 2203 modo
653 2137 730 2202 effici
756 2157 840 2222 posse
853 2185 864 2219 ,
879 2140 935 2202 nisi
950 2141 1007 2204 lroo
1019 2139 1102 2226 qnod

138 2287 178 2334 rs.
201 2269 221 2332 i
244 2269 275 2336 in
297 2268 454 2332 Marcionis
477 2266 578 2332 codice
602 2265 708 2332 frustra
731 2268 917 2349 quaesiverit.
964 2268 1051 2348 Quod
1078 2271 1103 2333 si

140 2400 181 2462 ita
205 2405 271 2474 est,
296 2397 424 2462 absentia
452 2397 541 2462 unius
563 2397 652 2480 hujus
673 2417 713 2462 rs.
737 2398 876 2462 omnibus
899 2399 998 2481 potius
1019 2399 1106 2482 aliis,

139 2543 232 2609 quam
265 2527 426 2610 scripturae
460 2526 644 2610 corruptelas
678 2527 812 2592 consulto
849 2527 944 2592 factae
969 2528 1025 2592 erit
1051 2531 1105 2592 tri-

40 2679 45 2699 ¹
137 2655 273 2738 buenda,
296 2674 392 2738 quum
414 2656 586 2738 ceteroquin
609 2655 757 2739 explicatu
780 2655 992 2722 difficillimum
1015 2658 1107 2742 soret,

137 2805 213 2867 our,
235 2787 291 2851 hoc
305 2805 344 2850 rs.
369 2785 510 2866 sublato,
528 2785 672 2868 reliquis,
695 2805 772 2868 quae
796 2787 957 2850 arctissime
980 2807 1049 2853 cum
1072 2807 1107 2854 eo

138 2915 320 2996 cohaerent,
340 2915 473 2980 lllarcion
496 2917 661 2999 pepercerit
684 2916 737 2999 (2).

185 3043 367 3108 Marcionem
390 3043 453 3108 Gal.
478 3045 531 3108 lll.
557 3045 636 3125 lle,
658 3052 689 3108 et
711 3063 799 3128 porro
818 3063 833 3108 a
853 3061 892 3108 rs.
915 3046 955 3107 ts
972 3045 1041 3108 inde
1057 3066 1107 3111 us·

141 3171 344 3256 quoactus
365 3171 524 3249 delevisse,
548 3174 678 3258 exceptis
700 3181 818 3238 tantum
840 3175 981 3257 iis‚qnae
1000 3175 1106 3260 legun-

141 3312 190 3367 tur
209 3303 263 3367 lll.
286 3301 353 3385 96,
368 3333 410 3348 -·-
432 3302 529 3366 audax
551 3311 596 3366 est
615 3302 757 3366 llahnii
783 3302 927 3388 adsertio,
942 3305 1024 3371 nullo
1040 3326 1107 3373 rero

142 3430 233 3498 modo
257 3431 504 3496 Tertulliani
527 3432 622 3497 serbis
642 3432 783 3516 probatur
805 3433 859 3518 (5).

175 3635 211 3702 (1)
228 3651 243 3684 a
261 3637 380 3688 Wsloher
403 3637 454 3688 ran
476 3639 529 3688 siah
551 3637 599 3686 (lan
624 3636 728 3700 ribriffon
755 3636 792 3684 als
815 3637 961 3700 gleiohartig
984 3633 1108 3689 aurcilrt.'¹

142 3721 282 3773 Ritsoht.
300 3723 317 3774 l.
334 3724 352 3774 l.

176 3808 211 3875 (2)
229 3825 242 3858 a
261 3809 316 3860 llud
339 3811 423 3860 diesen
447 3813 524 3860 alnao
544 3825 599 3858 aera
622 3810 691 3860 hitto
714 3809 819 3858 Marcion
847 3806 996 3858 abaiolntlioh
1021 3813 1111 3877 gatilgt

141 3911 188 3946 aua
208 3894 396 3960 dogmatiachen
414 3899 547 3960 Grrinrleo,
565 3897 617 3946 unul
635 3893 704 3944 hatte
720 3892 786 3944 doch
801 3895 850 3943 alla
867 3895 943 3944 damn
957 3897 989 3944 im
1007 3905 1111 3962 engeten

143 3980 355 4049 zusammenlaang
371 3980 512 4035 slahandan
535 3980 669 4032 Gadanlen
694 3981 766 4046 irbrig
791 3979 921 4045 gelassent?
964 3983 1020 4032 ilisa
1044 3983 1111 4036 laun

143 4085 191 4120 nur
206 4065 362 4132 sancimen,
380 4086 433 4119 wer
451 4070 499 4120 den
509 4067 621 4120 'Marcion
638 4068 678 4116 iiia
694 4067 766 4118 einen
783 4058 970 4133 sohwschtopt
982 4081 1011 4118 ru
1029 4065 1113 4120 lralton

149 4157 249 4218 κείν’
272 4150 413 4204 llitaohl.
429 4154 447 4203 l:
465 4155 481 4202 l.
497 4170 522 4219 p.
539 4153 596 4204 155.
621 4154 656 4202 Gt.
673 4154 766 4214 lianr,
785 4153 804 4202 l.
819 4151 835 4202 l.
854 4169 878 4217 p.
895 4151 952 4202 412.

183 4237 218 4306 (3)
235 4240 320 4290 etuti·
342 4240 396 4290 soil.
417 4255 482 4304 quae
507 4239 552 4290 111.
569 4230 614 4289 14¹³
627 4239 760 4298 ,misatur
784 4238 936 4290 tertull.
962 4239 998 4290 sic
1020 4243 1114 4306 pergit:

964 4349 982 4407 'a'
