2812 4992
16 661 19 709 l

525 385 705 448 -133-

20 530 25 547 ¹
119 599 207 658 rere,
248 593 289 646 ut
322 583 445 648 uerbum
477 587 607 650 erudm
636 586 687 652 tali
708 603 801 652 ¹sensu
822 605 970 672 numnam
992 588 1033 652 ala
1057 607 1091 654 ee

111 719 304 796 usurpatum
327 713 499 780 inventurus
521 717 569 780 sis.
615 715 718 801 Neque
741 717 830 782 etlam
851 716 941 781 aliam
965 717 1003 784 olr
1023 737 1091 782 cau·

11 909 12 913 ,
111 861 176 906 sam
203 861 280 906 eam
306 845 462 928 arripuisse
485 843 599 911 ridetur
625 845 890 928 llitschelius,
912 847 966 910 nisi
991 854 1024 910 ut
1039 867 1093 930 per

112 971 157 1035 las
182 981 215 1036 et
242 971 330 1037 nefas
352 975 535 1058 prepositum
560 993 649 1040 suum
672 974 904 1059 adsequeretur,
927 983 960 1038 ut
983 977 1093 1040 scilicet

115 1102 317 1184 ostenderet,
351 1103 555 1186 Marcionem,
584 1102 727 1189 quicquid
753 1103 858 1174 dixerit
882 1104 1091 1168 'l'erlnllia-

115 1232 314 1313 nus‚.uihil
345 1231 383 1298 de
410 1232 553 1298 industria
580 1235 701 1300 enine
722 1235 774 1317 (l).

161 1360 327 1443 Ultimus,
372 1363 423 1445 qui
465 1364 513 1428 lric
548 1366 579 1428 in
618 1382 749 1440 mosum,
777 1365 880 1445 uenit,
928 1365 1009 1430 loeus
1046 1373 1092 1428 est

69 1479 74 1490 ⁸
118 1491 183 1558 Col.
210 1493 238 1556 l.
270 1491 407 1557 lt-le.
452 1491 539 1572 Quod
564 1493 603 1557 ad
636 1494 715 1558 hunc
748 1511 817 1558 rero
839 1494 962 1576 attinet,
985 1512 1091 1577 parum

120 1622 233 1698 abest,
258 1622 331 1705 quin
356 1622 419 1706 ipse
443 1621 687 1687 llitschelius
709 1620 893 1688 idarciouem
914 1623 1000 1687 illum
1026 1643 1091 1688 sus·

122 1752 228 1818 tulisse
261 1751 445 1818 confiteatur.
489 1751 642 1833 Unicum,
677 1770 737 1835 quo
767 1771 798 1818 ae
831 1753 909 1818 tueri
944 1752 1092 1836 quodam-

124 1882 219 1956 modo
258 1890 406 1964 conatur,
440 1884 507 1965 ejus
539 1890 748 1964 argumentum
780 1890 847 1962 est,
883 1881 1093 1947 Tertullia-

127 2031 216 2081 num
256 2013 296 2076 ila
335 2011 455 2078 tortasm
488 2019 605 2078 tantum
642 2010 799 2094 flacitae,
829 2029 864 2076 ac
901 2013 924 2076 si
960 2009 1094 2078 Marcion

131 2141 229 2213 lotum
254 2144 390 2218 launum,
414 2150 517 2226 utpote
543 2141 693 2208 doetrinae
721 2142 813 2226 ipsius
836 2141 873 2207 ab
895 2142 982 2208 omni
1008 2151 1104 2225 purte·

134 2280 371 2354 repugnantem,
403 2271 441 2336 dc
474 2272 575 2339 codiee
611 2290 666 2355 sup
693 2271 836 2336 erasisset.
881 2269 921 2336 at
944 2288 1003 2338 non
1029 2272 1092 2336 aine

151 2415 249 2479 maana
272 2421 355 2467 unsa
382 2399 523 2478 addidit,
556 2401 598 2465 nil
628 2401 739 2466 mirum
767 2399 855 2484 iore,
887 2403 910 2464 si
933 2399 1000 2465 tatis
1020 2419 1093 2466 eon·

141 2531 244 2611 iectura
277 2551 336 2598 non
375 2549 469 2616 aeque
512 2531 651 2598 omuibus
685 2529 858 2616 probaretur
891 2530 943 2614 (9).
987 2530 1094 2613 licque

138 2660 220 2729 ctiam
256 2663 331 2726 milri
367 2663 437 2726 satis
470 2660 605 2745 arridet,
640 2669 676 2728 nt
695 2660 734 2726 ad
757 2680 824 2726 eam
850 2660 1095 2746 amplectendam

132 2791 247 2860 animus
269 2789 398 2856 inclinet.
445 2791 564 2856 Ludens
593 2791 674 2860 euim
698 2793 863 2872 confiteor,
886 2811 935 2856 me
961 2810 1021 2856 non
1049 2791 1093 2854 ri·

127 2919 222 2994 dere,
259 2918 378 2998 qualem
408 2935 526 2982 mesum
561 2919 671 2983 habere
702 2921 813 3002 possint
846 2920 1095 2984 Tertulliani

124 3049 243 3127 rerba,
274 3045 330 3111 nisi
368 3044 473 3120 exinde
511 3045 726 3129 concludatur,
770 3067 841 3112 eum
878 3050 908 3110 in
937 3047 1093 3124 Marcionis

120 3237 329 3260 W

164 3378 200 3448 (1)
217 3380 252 3430 lle
268 3380 366 3430 duobus
381 3379 509 3446 poetremia
531 3378 649 3444 epistolae
670 3378 700 3427 ad
717 3379 838 3427 Romanoa
851 3377 926 3443 anp.
940 3393 1010 3443 agere
1024 3377 1093 3427 nolui

128 3467 166 3516 ob
180 3466 294 3527 criticos,
311 3467 403 3531 quibua
418 3482 504 3518 eorum
518 3468 586 3532 oripo
600 3465 736 3530 premitur,
750 3465 917 3516 difficultates.
943 3467 1036 3530 ‚licque
1048 3465 1095 3512 eti-

129 3571 171 3604 am
187 3553 218 3602 de
234 3553 324 3616 titulo,
342 3555 386 3620 qui
406 3555 432 3604 in
449 3555 575 3604 ldarciouis
591 3551 733 3617 Apostolieo
753 3553 822 3601 Pauli
846 3553 876 3602 ad
898 3553 1016 3620 Ephesios
1032 3552 1094 3616 epie-

130 3640 197 3689 tolue
212 3641 345 3706 inscriptus
361 3643 422 3702 snit,
440 3641 488 3689 hoc
501 3641 558 3689 loco
571 3637 703 3688 dicendum
720 3654 772 3687 asae
794 3640 941 3689 mihiriuum
957 3643 1002 3688 eat.
1036 3637 1094 3687 Bam

131 3727 226 3776 clero.
235 3727 270 3774 ud
275 3727 428 3776 Laodicenos
441 3729 515 3778 suine
528 3725 671 3790 inacriptam
679 3724 786 3774 disertus
792 3724 961 3774 nobisauctor
976 3728 1013 3774 eat
1030 3725 1098 3772 Ten·

132 3812 311 3882 tullianae.
346 3813 404 3862 eam
420 3820 505 3864 contra
520 3815 550 3864 nd
571 3813 720 3863 Laodicenos
739 3812 803 3860 mitti
818 3827 867 3860 nore
880 3814 1013 3878 potuiace,
1036 3812 1094 3861 alibi

133 3900 361 3951 demonstravimut.
395 3903 503 3964 Quanam
520 3917 577 3952 vero
599 3901 630 3951 de
646 3915 718 3949 cauea
734 3899 805 3948 Marc.
823 3899 909 3948 hucin
927 3914 953 3949 re
969 3899 1000 3949 ab
1017 3899 1096 3950 eccle-

132 3988 183 4038 ciae
198 3988 344 4037 auctoritato
360 3987 503 4052 recesserit,
521 3985 546 4034 id
561 3987 642 4053 ipsuru
658 3985 777 4050 estquod
793 3985 928 4034 dubitatur.

168 4072 203 4137 (2)
221 4074 313 4123 »diere
327 4073 431 4122 Auaieht
445 4073 489 4122 der
503 4073 579 4122 Sache
596 4073 655 4122 liisat
670 4073 723 4122 sich
740 4089 803 4122 atvar
819 4068 892 4121 nicht
909 4089 951 4122 eur
967 4064 1096 4124 absolutes

134 4160 281 4220 Gauiulreit
297 4161 421 4220 erheben,
439 4160 490 4208 und
508 4161 570 4208 rrird
593 4160 719 4226 danclrem
739 4157 898 4226 eutrchiederr
916 4159 1098 4226 unwarrelrein·

135 4246 188 4297 lich
205 4247 389 4296 rorlommen.”
407 4246 424 4296 l.
442 4246 458 4296 l.
477 4262 501 4311 p.
518 4243 576 4295 169.
