2864 4996
560 409 721 468 ..37-

163 606 243 692 quud
274 609 320 671 iric
351 604 473 688 quidem
507 608 643 690 persequi
676 615 718 670 et·
733 606 866 690 pluribus
899 603 1036 670 iiirrstrari
1062 595 1122 672 'nen

158 756 521 822 pessumm3·mcnemus
537 746 666 817 tamen,
691 743 724 800 ut
744 737 867 818 nequis
890 738 969 800 casui
993 735 1121 813 tribuat,

159 868 242 949 quud
266 867 363 933 studio
388 875 418 948 et
441 865 558 932 consilia
585 886 600 930 a
623 863 903 931 Marcione-iactum
930 875 973 930 est
1000 863 1063 948 (tt

598 1130 623 1206 r.
647 1125 699 1189 rrr.

218 1385 398 1452 arbitraria
421 1387 528 1466 ratio,
555 1403 616 1467 quc
648 1386 759 1450 suteris
791 1384 823 1448 S.
849 1386 971 1450 Codicis
992 1385 1085 1449 libris

354 1535 430 1580 urus
454 1515 556 1596 fuisse
577 1514 761 1597 perhibetur
783 1515 935 1579 Marcion.

207 1779 268 1858 lis,
304 1796 380 1858 quae
416 1777 570 1855 hucusque
603 1775 680 1838 dieta
713 1783 803 1855 sunt,
825 1793 860 1839 ec
886 1777 980 1856 major
1003 1792 1126 1857 persua-

164 1906 256 1976 dendi
276 1905 388 1970 riserit
407 1901 629 1985 adiudicatum,
653 1920 713 1983 quc
739 1903 839 1965 minus
859 1903 962 1966 incerti
985 1920 1046 1966 esse
1073 1921 1128 1985 pc-

166 2034 309 2115 terimus,
332 2051 448 2098 mcrem
472 2009 629 2097 Marcionis
647 2031 768 2096 salitum
786 2033 826 2095 ita
842 2031 965 2113 tulisse,
980 2039 1036 2112 nt,
1052 2049 1128 2114 quae

166 2164 335 2246 dogmatico
360 2161 501 2245 adspectu
525 2163 614 2225 inrisa
638 2161 693 2245 ipsi
719 2170 839 2241 essent,
861 2179 896 2224 ca
923 2162 1021 2227 autin
1040 2179 1129 2225 eano-

164 2313 237 2357 nem
259 2293 503 2376 suumrecipere
527 2291 648 2355 urnninc
679 2297 849 2371 recusaret,
883 2298 935 2355 ant
959 2289 1066 2355 saltem
1091 2291 1128 2354 ad

472 2383 481 2406 .

166 2420 321 2485 libidinem
344 2419 528 2485 adulteraret.
564 2418 608 2482 nc
630 2421 762 2503 primum
777 2417 900 2502 quidem
923 2439 994 2485 eum
1007 2421 1128 2502 singulis

167 2551 282 2615 Veteris
307 2551 490 2614 Testamenti
514 2549 617 2632 libris,
639 2558 796 2632 tamquam
819 2549 934 2613 nuliam
956 2549 1048 2616 tidem
1064 2569 1129 2614 me-

166 2681 320 2763 rentibus,
343 2697 465 2745 emnem
488 2678 581 2742 fidem
610 2678 793 2762 denegasse,
808 2681 921 2746 nemini
945 2697 1005 2744 ncn
1024 2690 1133 2746 netum·

166 2821 219 2876 est.
243 2807 309 2889 Quo
332 2812 459 2894 pertinet
486 2808 687 2876 memorabilis
710 2809 741 2872 in
764 2807 930 2892 Diulcgc
954 2809 1000 2873 de
1024 2821 1133 2874 recta

167 2941 181 3002 i
185 2940 248 3003 ide
261 2980 280 3020 ‚v
294 2958 380 3023 supra
405 2938 525 3004 laudato
548 2938 614 3024 (9),
632 2939 736 3018 intusa
758 2938 971 3022 ubi-Marcus,
994 2959 1071 3004 unus
1092 2939 1130 3005 de

170 3066 409 3131 marcionitarum
433 3084 582 3146 numeru,
611 3067 806 3132 netis-verbis
829 3065 931 3130 dicens
955 3068 1134 3134 inducitur:

168 3259 382 3277 m

206 3390 240 3458 (1)
257 3391 366 3454 Hahn,
385 3393 402 3442 Ι.
420 3392 437 3442 1.
454 3409 479 3456 p.
498 3391 560 3453 132,
578 3391 625 3443 181
642 3409 679 3456 eq.
696 3397 722 3441 et
739 3396 836 3459 purtim.
855 3397 975 3462 imprimis
992 3415 1050 3449 rerc
1067 3401 1131 3450 Olr·

172 3477 312 3527 huueen.
329 3478 346 3528 1.
364 3477 381 3527 l.
399 3495 424 3544 p.
440 3477 489 3528 205
506 3493 561 3542 sqq.

205 3560 241 3630 (2)
257 3563 336 3628 liujus
351 3565 408 3617 libri
425 3565 532 3631 pretium
553 3565 573 3614 si
585 3565 664 3628 justu⁴
677 3565 750 3614 made
774 3567 901 3628 aestimare
914 3569 1019 3633 ‚cupium
1032 3571 1133 3628 ,incien-

174 3648 235 3698 dum
258 3649 304 3697 tihi
326 3651 372 3700 erit
393 3667 451 3700 cum
471 3650 622 3712 Hchniu,
638 3652 683 3716 qui
700 3651 812 3704 inlibru
836 3667 899 3714 suc,
917 3655 958 3704 cui
974 3653 1063 3704 titulus
1079 3660 1131 3706 eat:

173 3729 337 3784 Burdecurres
347 3739 481 3802 gnosticae
497 3737 619 3801 Syrorum
631 3739 736 3802 primus
750 3738 936 3804 Hymnulagur‚
946 3753 970 3801 p.
982 3737 1014 3787 8:
1031 3742 1133 3804 »qued-

175 3823 214 3871 ai”
230 3822 314 3886 inquit
339 3823 472 3872 »formum
495 3823 571 3886 hujus
591 3821 695 3885 dialogi,
718 3821 763 3884 qui
785 3824 929 3887 neutiquam
944 3824 1058 3888 origeni,
1076 3842 1133 3876 curn

176 3909 321 3960 adamantio
345 3907 412 3958 haud
437 3911 616 3969 consentienti,
641 3906 717 3956 tribui
744 3909 1031 3974 petest„specturerie,
1056 3912 1144 3962 mulum

179 4001 227 4051 erit
241 3999 374 4058 diceuduar
391 4003 429 4052 ein
446 4002 587 4062 materiam,
605 4001 698 4050 hunum
715 3999 789 4054 ¹dices
811 4015 862 4050 esre
879 4001 911 4052 ad
927 3994 1016 4066 yri‘e'rr
1037 4005 1136 4054 liureio·

179 4089 217 4136 nia
232 4096 259 4138 at
274 4089 488 4150 iicrcicnituruur,
507 4090 538 4140 ad
558 4092 702 4160 argumenta
721 4089 927 4152 cacodoxorum,
945 4091 1036 4155 quibus
1053 4099 1138 4144 contra

181 4175 310 4225 tinentiae·
326 4180 472 4238 uterentur,
489 4174 684 4240 cognoscendu.’'
702 4175 737 4228 Cs.
754 4192 816 4240 quus
832 4176 896 4228 idam
912 4183 1011 4238 auctor,
1031 4178 1057 4226 in
1070 4178 1138 4228 librc

182 4277 227 4314 stru
244 4264 339 4328 saepiu·
356 4264 454 4316 iaudatc
471 4263 501 4314 de
524 4262 649 4314 Marcionis
666 4263 777 4330 Euerg„
794 4264 891 4331 scripsit
907 4281 930 4332 p.
948 4264 980 4315 27
996 4280 1034 4330 aq.
