2864 4996
331 613 423 688 sunt,
444 611 479 668 ut
501 621 539 668 ne
563 605 593 668 in
617 602 742 667 dubium
756 603 895 687 -quidem
918 621 1004 690 posse
1031 605 1127 669 roeari
1149 604 1299 672 rideatur.
1416 635 1417 676 ;

330 743 385 809 ‘Aa
397 739 457 822 μὲν
474 739 539 822 γὰρ
561 736 644 816 (sunt
663 733 749 798 rerba
768 734 979 818 Epiphanii
1001 733 1021 798 Ι.
1037 733 1056 798 Ι.
1076 733 1167 818 §10)
1187 741 1297 808 siene

331 864 459 952 (λέξεων
481 867 558 950 wid)
578 867 858 954 παρηλλαγμένως
878 871 933 936 ὑπ’
948 871 1056 936 ἀὐτοῦ
1080 867 1301 951 diioedtoopyriae

332 1001 451 1085 denuo,
475 1001 544 1069 καὶ
576 1004 622 1078 ὥς
651 1005 720 1070 οὐκ
744 1005 837 1086 dexo
862 995 906 1085 τῷ
931 1002 1022 1069 κατὰ
1041 1003 1171 1068 nosses
1191 1001 1298 1080 etes-

329 1134 426 1217 serto
448 1133 486 1200 od
511 1134 730 1218 esaiyoaooo,
754 1127 852 1201 odae
876 1135 895 1209 d
920 1137 989 1200 roi
1014 1131 1299 1202 &varroniani

331 1271 596 1346 χαρακτῆρας
629 1265 829 1350 ἔμφασις·
899 1259 977 1322 Falsi
1020 1257 1125 1324 iiddom
1173 1258 1301 1324 Mardu-

331 1398 555 1454 nem.aooosnt
580 1391 879 1468 Tertullianus,
913 1393 965 1456 ubi
994 1392 1032 1456 de
1055 1393 1179 1477 epistota
1209 1393 1297 1457 Pauli

336 1518 374 1582 nd
403 1519 629 1597 Philemonem,
655 1546 670 1576 s
687 1519 766 1585 soii‘
788 1523 830 1585 ait
861 1547 877 1578 s
896 1519 970 1586 isoio
1001 1521 1153 1604 epistotae
1175 1521 1303 1588 brevitas

333 1676 348 1706 ι
366 1669 419 1713 sna
442 1623 577 1734 profuit,
605 1659 642 1715 ut
660 1649 819 1732 lateamus
844 1670 959 1715 monos
995 1651 1154 1718 Maroionis
1192 1650 1302 1715 erede-

336 1775 431 1844 »τοῖ’
459 1778 537 1866 (adr.
562 1780 652 1845 Mare
676 1780 712 1845 V.
736 1781 795 1864 21)
820 1780 883 1863 (i.)
928 1779 1098 1863 Neuterque
1122 1781 1229 1848 hornrn
1258 1783 1301 1844 ri·

333 1928 435 1975 rorum
456 1911 529 1974 satis
554 1911 659 1975 habuit
685 1909 850 1976 istiusmodi
874 1909 1024 1993 judieiurn
1043 1913 1206 1991 generatim
1231 1931 1301 1996 pro·

334 2040 493 2103 nuntiasse.
539 2035 600 2104 Sed
635 2038 716 2121 qued
750 2041 781 2102 in
818 2039 979 2122 Euangelio
1013 2040 1193 2124 Maroionis,
1215 2042 1299 2108 idem

336 2187 456 2251 qnoque
489 2171 610 2252 ineius
638 2167 807 2252 Apostoiioo
841 2169 1049 2254 perlustrando
1075 2169 1232 2254 feserunt,
1256 2174 1299 2235 in-

338 2299 417 2378 genti
434 2297 565 2378 quadam
587 2298 790 2383 exemplorum
813 2300 896 2381 eopia
921 2299 1111 2380 munientes,
1139 2319 1231 2382 qoam
1255 2321 1301 2367 er-

337 2445 373 2508 ga
398 2427 556 2492 Ponticum
579 2427 793 2511 protutorem·
811 2429 1036 2494 decusationem.

381 2557 532 2620 Eximium
554 2559 643 2642 huius
663 2559 778 2639 generis
799 2557 1014 2622 doonmentum
1034 2562 1098 2642 iam
1121 2561 1218 2622 statim
1241 2575 1299 2621 no-

337 2687 383 2750 his
410 2687 532 2770 praebet
548 2689 691 2770 epistola,
713 2705 790 2770 qnae
813 2687 845 2749 in
870 2686 1028 2752 Maroioois
1053 2685 1219 2773 Apostoiioo
1234 2687 1301 2788 pri·-

339 2836 448 2900 rnnm‚
471 2835 526 2880 nee
547 2836 606 2882 nou
620 2865 630 2900 ,
643 2818 682 2881 ob
706 2814 953 2900 antijndaistieam
968 2819 1060 2902 ipsios
1073 2817 1204 2881 indolem
1217 2863 1227 2900 2
1239 2820 1302 2901 pri-

337 2949 465 3011 rnariunr
489 2949 588 3012 ioeurn
614 2949 719 3010 tenuit.
764 2944 913 3010 Nimirum
936 2947 999 3012 Gal.
1032 2949 1085 3034 ill.
1111 2947 1193 3012 6-9
1221 2946 1302 3033 Apo·

337 3078 429 3144 stolus
451 3078 560 3142 Paulus
586 3075 677 3139 fidem
699 3075 859 3139 Abrahami
879 3085 1047 3160 tamqnam
1066 3079 1304 3162 justificantem,

339 3208 462 3290 uosque
477 3227 569 3290 quern
595 3207 658 3289 ipse
688 3206 723 3268 iis
747 3204 966 3292 praedicaverat
993 3214 1130 3288 gratam,
1146 3207 1306 3273 ieotoribus

236 3319 242 3329 ¹
341 3339 401 3401 suis
429 3338 590 3421 proposuit.
637 3333 717 3413 Quid
742 3343 841 3399 autern
876 3335 1035 3400 Maroion?
1078 3335 1183 3398 Talem
1205 3335 1304 3399 Abra-

269 3524 272 3536 ,
339 3469 421 3533 hauri
453 3465 637 3530 mentionem
673 3467 822 3547 systemati
852 3484 905 3529 suo
934 3467 1110 3530 contrariam
1135 3483 1198 3528 esso
1226 3465 1303 3528 bene

340 3603 530 3682 perspeotum
556 3594 688 3676 habens,
709 3615 762 3661 rsa.
789 3595 897 3678 quibus
925 3593 974 3659 ilia
1001 3596 1035 3658 fit
1057 3593 1095 3658 de
1120 3593 1222 3659 eodioe
1248 3613 1303 3657 sno

340 3728 428 3790 erasit
449 3725 510 3810 (9),
555 3723 656 3808 Neque
675 3727 773 3790 minus
798 3733 910 3790 temere
933 3725 963 3790 in
986 3723 1051 3790 aliis
1075 3723 1214 3809 epistolae
1234 3742 1303 3808 pnr-

372 3897 554 3912 m

375 4010 409 4075 (t)
425 4011 459 4060 Cf.
474 4026 574 4076 quoqne
589 4013 773 4072 lreuneue,
789 4011 807 4062 l.
823 4010 842 4060 Ι.
858 4011 901 4062 lin
917 4013 938 4063 1.
954 4029 977 4064 e.
994 4013 1035 4064 2³.

373 4093 408 4160 (2)
424 4097 570 4150 Tertuii.
593 4099 649 4148 ndr.
668 4099 734 4148 ilore
753 4097 783 4146 V.
801 4098 827 4150 8.
842 4120 879 4138 -
905 4099 1017 4150 Addntnr
1039 4099 1107 4164 quod
1127 4100 1248 4164 seriptum
1266 4101 1302 4152 le·

339 4181 419 4246 girans
434 4184 465 4233 nb
479 4185 688 4248 Hieronymo
700 4183 875 4250 (Commius.
892 4185 927 4234 od
942 4185 998 4238 Gal.
1013 4183 1084 4250 1.1.):
1102 4201 1116 4234 a
1132 4186 1297 4236 SteutAore·

337 4283 350 4320 n
370 4269 425 4319 dom
442 4270 606 4322 eredidit-
629 4270 659 4320 ah
673 4264 791 4320 hocloco
807 4287 886 4337 neque
904 4272 936 4322 ad
958 4287 1032 4335 enm,
1050 4272 1092 4324 not
1105 4272 1234 4326 sermome
1249 4276 1296 4341 qui
