2864 4996
437 1015 883 1090 ratrammo,

561 1244 751 1276 w

253 1392 368 1514 Quam
393 1425 516 1510 publici
531 1427 623 1511 juris
648 1423 755 1508 farum
780 1445 877 1492 ausus
900 1447 970 1492 sum
993 1425 1137 1492 libellum

178 1535 216 1602 dr
248 1537 446 1604 Marcione
480 1533 651 1620 tuauuattt
683 1533 803 1600 Luraui
834 1535 1069 1620 adulteratam,
1107 1541 1138 1602 is

177 1647 303 1730 propria
336 1643 418 1710 lrrma
446 1645 481 1708 iu
507 1643 604 1726 fluam
634 1665 655 1710 a
680 1663 730 1707 ma
763 1645 957 1730 aausuriptus
982 1645 1070 1730 fuit,
1103 1653 1139 1709 ut

178 1755 332 1838 spaaimarr
350 1753 573 1839 quatacumque
591 1753 718 1818 taudem
736 1753 896 1819 dartriuaa
918 1753 1066 1839 aderam.
1079 1773 1140 1838 qua
1182 1775 1185 1782 ⁴

178 1861 375 1946 daseudauda
408 1861 450 1923 ad
482 1876 622 1924 summas
653 1860 688 1922 iu
724 1858 881 1942 tisaloqia
915 1859 1048 1926 iouoras
1080 1864 1142 1928 rita

182 1977 276 2054 atqua
299 1969 438 2050 lauitima
462 1965 689 2050 causaquuudos
710 1966 764 2030 aia
784 1965 867 2030 milti
886 1973 1017 2050 pataret.
1050 1971 1143 2035 Post·

182 2097 277 2162 quam
298 2094 371 2140 uara
395 2073 528 2138 iouorrs
549 2073 625 2140 illas
647 2079 757 2157 spauta
778 2073 813 2139 iu
834 2093 885 2137 mu
906 2074 1052 2158 toulsrru
1069 2075 1145 2144 Am·

179 2183 326 2270 piissima
344 2181 533 2248 Academiae
555 2181 786 2264 Ultrajsstiuaa
804 2180 939 2248 Smatui
956 2186 1060 2248 uisum
1080 2195 1145 2272 ast,

181 2291 339 2376 ejusmodi
371 2289 539 2374 spaaimiuu
571 2308 649 2372 opus
677 2288 761 2352 aridi
783 2307 850 2353 usse
871 2289 985 2372 desiit,
1007 2293 1145 2380 adaaqua

182 2399 267 2465 aiiii
300 2399 387 2484 fuit,
417 2399 499 2484 quod
527 2416 578 2462 me
602 2399 644 2460 ad
666 2397 919 2481 disquisitionem
942 2399 1056 2465 laurae
1078 2401 1146 2470 lis·

184 2509 451 2578 lariti-triticum
469 2508 633 2572 datiarum
650 2505 792 2570 auamiui
810 2505 1058 2574 submittendum
1076 2533 1145 2578 am-

182 2617 268 2700 plius
299 2622 430 2700 saqrrai.
490 2614 534 2680 At
568 2633 608 2680 ua
640 2615 744 2680 diuam
778 2613 896 2678 librum
928 2637 1033 2682 rurum
1073 2627 1146 2689 tuua

150 2777 155 2784 .
182 2728 334 2810 temporis
351 2726 428 2809 jam
452 2743 511 2808 pra
537 2723 682 2788 maaima
706 2729 798 2806 parta
823 2725 908 2808 typis
929 2725 1033 2807 saissa
1055 2750 1146 2796 ruau

182 2837 311 2921 datum,
345 2835 503 2920 imprimis
536 2833 676 2918 urqeuda
709 2830 793 2896 miii
817 2831 983 2898 uidebatur
1004 2841 1144 2924 aurasio,

182 2966 245 3031 qua
277 2943 461 3029 [autoribus
482 2941 562 3005 mois
582 2938 707 3023 publica
728 2941 852 3023 qratias
876 2960 998 3025 possam
1021 2945 1144 3029 rasurus

181 3071 240 3134 pra
271 3053 389 3136 iuriqui
420 3071 515 3136 quam
550 3048 634 3113 miii
663 3047 891 3131 praestiterunt
921 3049 1144 3121 immolatitia.

183 3158 283 3225 Nema
312 3160 396 3222 raim
422 3177 484 3222 aaa
504 3155 677 3235 surditati,
698 3155 775 3238 qaid
796 3161 1008 3240 quartumque
1032 3159 1145 3228 iarum

182 3263 377 3332 liberalitati
413 3280 450 3328 at
488 3260 722 3343 mmrifiaautiau
756 3261 893 3330 debeam.
953 3267 1053 3336 Nemo
1084 3290 1147 3337 nou

181 3373 354 3458 indidiari,
375 3373 493 3460 optima
516 3373 555 3435 du
576 3390 627 3436 ms
649 3389 716 3437 usss
737 3372 886 3438 maritum
904 3372 1145 3461 Amplissiuuum

187 3481 333 3548 Virorum
361 3475 445 3549 Olar.
471 3481 657 3566 aailuqium,
679 3499 720 3545 aa
747 3480 840 3565 aujus
861 3483 984 3550 decreta
1007 3486 1147 3571 diquitas

183 3591 268 3658 milui
303 3591 411 3657 allata
448 3590 535 3678 fuit,
565 3608 661 3674 quam
685 3587 758 3674 fara
779 3597 815 3653 ut
836 3591 1009 3676 aliquanda
1029 3595 1149 3662 attius·

183 3717 272 3785 raus,
301 3699 359 3763 diu
395 3701 487 3764 urias
521 3717 730 3782 speraveram.
775 3697 882 3781 Neque
916 3720 988 3786 erqo
1013 3704 1147 3771 mirabi-

148 3853 152 3864 -
185 3815 239 3872 tur
271 3807 362 3893 quis,
403 3808 669 3890 appartuuitatam
709 3807 848 3872 studiose
886 3828 907 3872 a
938 3829 989 3874 mu
1023 3815 1145 3898 adpeti,

186 3915 356 3998 datamque
392 3913 513 3996 arripi,
547 3935 610 3997 qua
644 3922 771 4000 aratum
796 3935 899 3982 mrum
923 3907 1065 3986 auimum
1090 3942 1149 4005 pu·

187 4023 268 4090 llius
302 4022 416 4088 testari
448 4021 550 4086 liram.
603 4023 671 4088 Hau
703 4027 810 4088 autam
832 4030 968 4108 astura,
993 4047 1064 4093 aum
1093 4035 1150 4095 tua

187 4131 365 4216 inrprimi,
401 4131 484 4198 aur.
518 4129 683 4215 Mullus,
723 4129 796 4215 qui,
830 4151 851 4195 a
879 4131 1051 4216 juumtuta
1077 4139 1152 4202 lude

190 4257 261 4305 meu
305 4241 348 4304 ad
389 4239 470 4306 duur
514 4257 612 4324 usqua
645 4240 745 4323 diam,
791 4246 838 4306 tat
873 4247 999 4326 tamam
1030 4243 1151 4311 saimia
