2834 4996
686 392 728 408 ·-
749 359 867 421 186...

288 583 323 628 ae
343 562 368 624 si
388 560 428 626 ad
451 577 549 625 reram
568 559 796 626 uaneimdarn
814 563 974 646 puritates
992 579 1096 628 eorum
1114 567 1249 648 peraetio

289 692 456 774 afflueret).

333 823 404 886 tue.
436 820 486 884 Xi.
521 819 649 885 te-sr
680 821 750 886 satis
773 821 850 886 ime
871 840 943 888 oum
966 823 1072 888 mietio
1093 825 1258 890 rotemero

289 960 390 1018 muna
415 949 680 1016 iiitsehetium
703 952 820 1035 eopiose
842 952 907 1035 ipso
939 950 1091 1016 Baurus
1123 951 1259 1020 demon·

289 1081 405 1156 strauit,
438 1081 493 1144 etsi
527 1081 817 1163 eeteroquinetiam
840 1079 879 1144 ab
899 1082 957 1148 boe
977 1088 1143 1166 statuatur,
1165 1084 1257 1168 ptura

289 1211 369 1276 truie·
392 1210 457 1276 teon
490 1210 607 1286 inemo,
640 1228 716 1292 quae
746 1229 871 1276 manum
896 1211 1125 1297 immolantem
1151 1214 1256 1278 testari
1392 1247 1393 1272 r

290 1338 444 1404 rideantur
465 1337 519 1424 (i).

334 1469 400 1534 xit.
424 1468 517 1534 t-e.
541 1467 688 1534 Orationis
709 1488 821 1534 nerum
841 1471 871 1534 h.
895 1471 916 1536 Ι.
937 1473 991 1555 iis,
1012 1490 1090 1556 quae
1110 1493 1149 1536 rs
1170 1473 1252 1557 tisq.

290 1599 454 1682 habentur,
476 1599 587 1664 turbari
609 1617 765 1685 perperam
786 1601 889 1664 statuit
909 1600 1172 1668 liitseheiius.
1198 1604 1249 1668 id·

290 1730 401 1796 mirum
432 1748 493 1796 non
523 1728 761 1796 animadvertisse
787 1729 902 1798 ridetur
925 1732 1131 1798 membrorum
1153 1734 1245 1820 parat·

289 1861 462 1942 ieiunum,
494 1879 554 1944 quo
579 1880 620 1924 us.
647 1861 668 1923 d
694 1879 764 1925 eum
788 1860 1083 1947 esstisq.pariter
1106 1864 1250 1930 aresti

290 2010 435 2072 eumrss
459 1989 480 2054 8
503 2011 546 2076 sq.
571 1998 650 2054 arete
672 1991 823 2074 eonjuneti
843 2000 931 2072 sunt,
952 1999 1042 2076 atque
1064 1993 1184 2058 sibimet
1202 1995 1251 2058 in·

290 2123 384 2186 rieem
406 2121 489 2205 quasi
509 2127 615 2186 mutuo
637 2120 826 2208 respondent.
869 2120 1049 2208 ceteroquin
1070 2125 1252 2212 sententiam

290 2273 330 2320 rr.
364 2250 385 2316 6
418 2273 463 2336 sq.
496 2270 662 2339 expressam
695 2252 860 2338 oppositam
887 2269 950 2316 esse
972 2252 1037 2334 itti,
1059 2271 1133 2337 quae
1158 2273 1199 2318 rs
1227 2254 1249 2316 d

289 2384 477 2465 continetur,
509 2401 569 2447 non
602 2380 743 2464 dixisset,
776 2400 872 2465 quum
898 2402 951 2447 uss.
978 2383 1039 2448 istis
1060 2375 1251 2450 solumunodo

288 2531 374 2578 eausa
397 2513 580 2597 erpiieetur,
603 2529 656 2576 eur
678 2510 786 2575 Christi
808 2513 1000 2578 sectatoribus
1022 2511 1166 2578 dominer
1190 2533 1249 2578 nun

269 2639 413 2706 timendi
437 2649 542 2705 essent.

331 2770 397 2836 xit.
420 2769 576 2836 Marcionis
600 2769 796 2850 Euangelium
823 2771 887 2862 loeo
911 2771 978 2836 ΧΗ.
991 2773 1042 2856 Ι55
1068 2794 1112 2856 sq.
1136 2776 1245 2859 proten
1382 2745 1385 2756 ¹

286 2901 383 2966 biiiter
419 2919 479 2966 non
512 2900 661 2982 orruisse,
698 2919 785 2985 supra
821 2900 959 2969 diximus.
1017 2901 1121 2988 Neque
1155 2905 1250 2968 etiam
1328 2874 1333 2881 Ι

286 3030 387 3114 rideo,
409 3049 462 3096 eur
481 3049 550 3094 oum
569 3029 785 3097 iiitseheiio
807 3037 990 3114 statuamus,
1011 3052 1065 3098 uss.
1081 3034 1170 3099 trosee
1185 3051 1246 3097 non

285 3163 354 3227 satis
375 3169 444 3254 epte
466 3162 621 3227 cohaerere
642 3179 712 3224 eum
733 3160 790 3244 iis,
813 3180 889 3246 quae
907 3160 1090 3248 praeeedunt
1108 3169 1161 3227 aut
1177 3180 1250 3244 mox

284 3299 457 3382 sequuntur.
501 3291 599 3390 imme
624 3291 740 3372 egregie
761 3292 859 3375 potius
881 3309 952 3385 oum
973 3291 1053 3382 irism
1076 3293 1248 3392 eohaereut.

218 3423 222 3432 '
285 3421 359 3488 lude
375 3439 486 3508 nempe
505 3420 596 3488 oritur
613 3421 725 3502 figura,
741 3439 817 3506 qnae
832 3419 940 3485 elimax
954 3421 1100 3488 rethoriee
1111 3385 1247 3488 remur.

284 3554 344 3618 ites
375 3560 505 3618 terrenas
534 3559 597 3616 tam
626 3551 706 3636 porri
729 3569 791 3628 esse
812 3549 962 3615 habendas
984 3551 1071 3618 desus
1092 3551 1246 3634 affirmat,

284 3693 400 3751 utnon
421 3684 519 3752 sotum
539 3701 600 3749 non
624 3682 709 3746 anxie
732 3678 901 3762 curandae,
922 3699 979 3746 nee
1000 3680 1129 3747 studiose
1152 3699 1248 3767 eppe·

282 3779 413 3897 tendas,
435 3813 487 3880 sed
513 3812 640 3878 thesauri
667 3810 798 3876 eoelestis
820 3809 989 3894 anquirendi
1013 3810 1105 3893 gratio
1126 3829 1248 3895 prorsus

284 3949 375 4012 etiarn
398 3943 579 4031 spernendae
605 3949 635 4042 et
661 3939 842 4024 abjiciendae
868 3940 934 4004 sint.
958 3965 961 3972 ·
981 3938 1068 4018 Quod
1091 3957 1181 4026 porro
1205 3937 1245 4002 ad

305 4145 352 4226 'pp
368 4154 387 4206 1.
402 4153 420 4204 1.
436 4167 461 4219 p.
478 4147 527 4200 too
543 4163 580 4212 eq.
593 4171 626 4189 -
640 4147 675 4196 cr.
691 4147 723 4196 oo
737 4147 763 4198 n.
779 4139 797 4194 i
815 4145 888 4195 surm
904 4160 969 4209 quae
985 4146 1082 4212 asper
1098 4144 1245 4196 nmo„

283 4248 309 4298 in
325 4260 366 4312 op.
382 4257 441 4294 tue:
457 4240 500 4290 dne
516 4237 596 4288 tehen
611 4236 679 4288 istu.
696 4235 760 4284 Edit.
777 4233 802 4284 3:
819 4249 844 4302 p.
861 4229 946 4284 46⁷¹).
