2812 4992
516 395 695 458 -125-

115 596 405 666 Tertullianus
432 605 564 665 ulcrelor
591 597 644 682 (l).
721 613 726 625 '

157 727 331 806 uernam,
355 746 446 813 quarn
469 747 486 792 a
508 726 572 795 Gal.
597 729 650 794 lll.
680 727 721 792 ld
753 727 823 792 iude
854 747 946 812 nsqm
970 728 1007 796 cd
1027 727 1079 794 lv,

113 861 134 924 5
172 857 309 944 ejusdem
340 858 481 942 epistolae
511 857 543 922 io
579 866 663 924 textu
694 857 897 926 ldarciouitioo
930 857 1083 924 observare

106 989 173 1055 sibi
203 989 280 1054 runs
313 995 358 1052 est
391 987 587 1068 Halmius,
618 1006 677 1055 nou
714 1005 812 1054 rerera
850 989 991 1054 exstitisse
1013 1007 1085 1054 cou-

18 1169 22 1176 .
115 1117 247 1186 leuduut
279 1116 404 1202 quidem
439 1117 588 1184 Baurus
620 1125 651 1182 et
683 1117 952 1200 llitsclrclins3
974 1126 1006 1183 nt
1033 1135 1082 1183 ure

116 1249 225 1316 saltem
260 1245 366 1314 frustra
403 1247 443 1312 ed
482 1255 582 1332 partos
618 1269 686 1314 suas
722 1247 886 1332 perducere
928 1255 1083 1314 conantur.

117 1378 248 1460 Obstat,
285 1376 369 1461 pund
402 1378 645 1444 Tertulliani
679 1379 767 1444 rerba
792 1378 875 1443 aliter
897 1379 1083 1463 interpretari

117 1527 178 1576 nou
199 1526 285 1594 posse
310 1507 384 1573 ruilri
407 1505 524 1590 videor,
548 1507 602 1572 uisi
624 1509 705 1574 lrouc
724 1509 755 1572 in
775 1507 923 1586 modurn,
948 1517 981 1574 ut
1005 1509 1085 1576 llar-

115 1649 235 1713 ciouem
265 1642 323 1720 ulos
350 1640 556 1722 lucernulae
575 1646 632 1712 scii
657 1641 840 1723 evacuatos
862 1645 1006 1712 mentioni
1029 1645 1081 1729 (rr.

115 1781 172 1866 ll)
195 1780 337 1846 contiuno
358 1779 515 1863 subjecisse
541 1795 594 1858 ea,
613 1799 690 1863 quae
714 1800 753 1845 rs.
781 1778 824 1843 26
852 1781 1009 1864 leguntur,
1030 1781 1083 1846 de·

115 1913 187 1976 luine
220 1917 348 1992 autern,
381 1907 517 1975 adsumta
556 1910 646 1972 etiarn
684 1908 809 1973 dimidia
843 1929 882 1973 rs.
919 1909 960 1974 ld
996 1917 1081 1995 purte

114 2043 268 2132 (ὣελφοί
276 2095 288 2130 ,
302 2043 402 2113 -xard
426 2042 583 2133 delorem
605 2042 721 2130 stro),
733 2046 893 2131 derepente
907 2046 937 2110 lu
952 2045 1017 2110 Gal.
1030 2045 1081 2111 tv.

117 2183 139 2247 d
162 2181 367 2262 transiluisse,
387 2181 417 2244 h.
442 2181 460 2246 l.
484 2181 696 2263 significaverit.
721 2179 1082 2250 sAdlruo''-sicenin1

121 2312 250 2392 legimus
263 2311 326 2377 adr.
349 2309 440 2376 idere.
459 2311 496 2377 V.
514 2313 534 2375 d
557 2344 598 2358 -·
619 2339 634 2368 c
653 2311 817 2378 secuudum
841 2313 993 2378 hominem
1015 2314 1082 2381 dico

132 2463 147 2494 ι
166 2437 240 2523 (Gal.
259 2440 307 2506 lll.
328 2441 383 2525 lll)
416 2439 490 2506 duur
524 2459 654 2508 essemus
686 2441 821 2527 parvuli,
851 2443 906 2507 sub
928 2443 1083 2509 elementis

125 2595 143 2628 s
161 2569 262 2656 ruuudi
281 2549 400 2638 cramus
414 2573 500 2656 positi
517 2572 554 2638 od
567 2572 793 2639 deserviendum
815 2575 857 2638 eis
869 2572 944 2658 (Gal.
959 2574 1010 2640 1v.
1024 2573 1083 2658 dl!

121 2702 220 2785 Tum,
242 2710 276 2768 ut
297 2702 495 2784 Marcionem,
518 2705 559 2769 sic
582 2704 638 2787 legi
658 2706 830 2789 Jubenteru.
854 2705 974 2791 disjecta
999 2707 1082 2790 quasi

116 2833 254 2898 membra
277 2833 310 2897 iu
328 2851 422 2899 nuum
441 2835 677 2915 consarcinasse,
699 2844 853 2916 semelque
875 2835 974 2918 ipsuru
997 2834 1083 2898 laisa·

116 2963 196 3028 riuus
218 2961 383 3048 prodidisse
406 2961 557 3052 ostendet,
573 2963 669 3046 pergil
685 2961 854 3029 scribendo:
879 2989 893 3018 ο
906 2963 1008 3046 atquin
1022 2983 1082 3030 non

116 3103 137 3148 ι4
150 3103 196 3158 est
219 3093 277 3158 lroo
298 3094 470 3158 humanitus
492 3091 623 3175 diorum,
645 3111 705 3158 nou
729 3093 810 3157 eninr
828 3093 999 3177 exemplum
1016 3103 1083 3176 est,

114 3249 130 3279 n
151 3221 337 3289 sedveritus.
383 3223 456 3304 Quis
481 3223 562 3286 cuim
586 3222 724 3306 parvulus
749 3223 853 3306 ntique
872 3241 979 3306 seusu,
1001 3223 1083 3309 quod

115 3377 131 3408 n
153 3337 222 3418 suut
244 3354 400 3436 oenones,
422 3371 480 3419 nou
503 3352 658 3418 clementis
678 3351 829 3435 subjectns
855 3353 984 3436 muudi,
1006 3373 1083 3439 quac

116 3509 132 3538 ι
152 3482 324 3565 (elementa)
354 3501 408 3567 pro
442 3483 498 3548 deo
532 3482 562 3567 (i.
592 3503 619 3547 e.
651 3492 806 3566 tamquam
833 3483 937 3569 deum)
964 3487 1086 3568 suspicit

115 3645 139 3685 s,
154 3616 285 3703 (colit)l”
328 3615 396 3696 Quo
418 3619 506 3700 igitur
538 3621 666 3703 pertinet
696 3618 796 3684 istud:
819 3619 908 3686 sard
928 3616 1085 3702 ἄνθρωπον

116 3751 237 3834 also?
281 3750 377 3834 lllno,
402 3754 450 3816 ubi
472 3754 502 3816 iu
526 3764 641 3839 recepta
672 3752 863 3838 epistolarum
896 3748 1084 3833 pauliuarnru

114 4015 119 4024 '
155 4003 191 4072 (1)
209 4019 222 4053 a
237 4005 327 4056 'Felrlle
350 4003 420 4054 ulso”
440 4031 475 4046 -
499 4009 557 4054 sunt
581 4005 653 4056 rerba
677 4005 785 4067 llnuri,
807 4005 825 4056 Ι.
849 4005 867 4054 Ι.
889 4019 914 4068 p.
933 4000 1036 4076 d12cq.
1052 4023 1085 4044 a·

118 4107 135 4141 »
156 4092 323 4143 rernuullslieh
339 4108 388 4142 nur
400 4093 461 4158 Jene
476 4090 533 4140 eine
548 4090 639 4152 stelle,
656 4092 704 4144 wie
721 4090 821 4156 auffllig
836 4090 930 4141 konnle
946 4089 989 4140 dus
1002 4091 1087 4141 Erem-

119 4178 224 4245 splot,
249 4179 336 4230 descen
359 4176 565 4229 Tertullian
594 4176 647 4226 sich
669 4177 798 4239 bedieute,
827 4175 882 4227 hier
905 4177 995 4242 perede
1017 4176 1083 4225 diere

120 4283 135 4320 s
156 4267 242 4317 locu
258 4265 341 4317 ldels
357 4265 464 4318 habeu.”
486 4289 524 4306 -·
545 4262 601 4313 Wie
617 4263 747 4328 ruldlllgll
