2812 4992
745 365 927 426 *112-

351 566 469 630 uiniaua
498 575 630 651 temporo
661 566 768 630 euersi'
790 568 834 650 (t)
862 567 1062 650 cognominari
1091 566 1222 632 voluisse
1269 568 1306 634 dt

351 695 474 778 intelligi
498 697 556 760 hoo
573 695 681 780 jubent
703 715 762 762 uon
785 695 823 760 do
845 715 946 762 rerum
967 696 1211 779 Euangelioarurn
1232 717 1310 782 que-

351 845 468 910 cunque
497 825 618 892 tandem
647 827 851 910 enarratione,
878 823 930 892 sed
957 825 995 890 da
1019 825 1151 893 osenna
1173 827 1310 911 Euange-
1390 795 1392 930 Ι

350 956 425 1039 ica,
456 977 479 1020 s.
503 955 541 1021 do
574 956 633 1022 fide
663 955 827 1022 C=hristiaua
853 955 906 1042 (2).
951 955 1055 1041 lleque
1071 973 1148 1022 sane
1170 966 1238 1040 eet,
1260 976 1309 1023 cur
1390 931 1392 994 l

351 1103 453 1154 rocem
484 1086 568 1152 illam
602 1087 687 1150 uariis
718 1087 790 1153 loeis
823 1087 899 1152 varie
932 1087 1071 1172 explicari
1090 1105 1190 1171 ¹posse
1221 1105 1309 1171 nege·

351 1236 419 1286 mus
439 1217 507 1302 (5).-
523 1215 827 1284 Animadvertendum
846 1226 946 1282 eutem
969 1226 1014 1281 est
1033 1217 1194 1300 primam,
1218 1217 1308 1302 exuli·

350 1348 498 1414 sationem
521 1348 607 1432 istam
629 1347 860 1420 nullisonmioo
883 1345 1106 1415 difficultatibus
1127 1347 1308 1431 prementi

350 1477 627 1542 Tertullianum
645 1477 724 1542 hisee
740 1476 827 1541 cleris
848 1495 883 1542 ac
904 1475 1020 1540 disertis
1042 1477 1137 1554 uerbis
1159 1476 1307 1561 odiosius
1391 1529 1392 1538 ,

300 1587 303 1594 ’
350 1605 506 1672 lllarciouis
538 1607 742 1673 testimouium
775 1623 930 1692 prouocare
963 1605 1120 1672 audimus:
1153 1633 1168 1664 ι
1182 1609 1208 1670 si
1230 1608 1305 1673 euin

350 1735 410 1800 aid
443 1735 657 1820 Euangelium,
678 1735 760 1820 quod
784 1736 882 1802 Lucae
904 1735 1029 1800 retertur
1053 1755 1146 1820 penes
1169 1755 1244 1818 uos,
1264 1738 1306 1822 ip·

349 1892 364 1922 e
383 1884 449 1930 sum
472 1875 538 1948 est,
568 1865 649 1950 quod
675 1865 807 1932 lilarclon
836 1885 888 1951 per
914 1863 1082 1932 Antitheses
1102 1885 1171 1932 suas
1192 1867 1305 1950 arguit,

349 2005 416 2060 aut
439 1997 649 2080 interpolatum
676 2015 693 2060 a
719 1995 934 2081 protectoribus
955 1992 1119 2062 Judaiomi'‘
1142 1995 1229 2080 reliq.
1254 1995 1302 2081 (l).

350 2123 493 2192 Secundo
518 2126 585 2192 loco
609 2144 768 2208 rogamus,
799 2124 949 2192 undenam
975 2127 1065 2208 igitur
1086 2125 1218 2195 llartiau
1242 2143 1299 2193 ott⁴

349 2264 469 2341 ruptam
500 2277 522 2320 s
556 2256 763 2340 interpolatam
800 2275 862 2322 esse
896 2255 1062 2322 doctrinam
1098 2255 1293 2340 Euuoolioan

348 2386 537 2472 probauerit,
570 2387 624 2450 nisi
650 2404 667 2450 e
691 2386 829 2470 seriptis,
862 2405 938 2471 qnae
971 2387 1048 2450 luter
1080 2385 1219 2472 seques
1238 2401 1298 2450 taos

349 2514 651 2598 circumferebantur,
672 2516 878 2598 euangelicis?
922 2515 1066 2598 [lenique.
1084 2535 1144 2582 nou
1166 2516 1301 2582 omitten-

349 2644 424 2710 dum
457 2643 594 2727 ridetur,
627 2644 708 2729 quod
731 2653 866 2728 ueteres,
899 2645 1087 2711 lrouaeuo
1108 2647 1255 2732 imprimis
1274 2652 1302 2710 et

347 2774 624 2841 Tertullianus
660 2783 861 2858 monuerunt,
897 2775 1079 2842 lllarciouem
1115 2775 1299 2859 mommolo

347 2906 508 2973 rationibus
524 2904 563 2968 ad
586 2903 821 2971 intercidendam
844 2913 875 2969 et
898 2902 1135 2988 interpolandam
1158 2901 1303 2988 &seno

347 3047 445 3102 turam
466 3035 554 3100 tuisse
580 3033 752 3101 adductum.
799 3033 911 3115 Quodsi
932 3036 1013 3098 euim
1035 3035 1192 3100 nobiscum
1221 3053 1302 3119 reuo-

347 3177 445 3232 tamus
477 3166 672 3248 Euangelium
698 3165 857 3231 Ponticum
892 3165 931 3228 ite
963 3171 1169 3247 comparatum
1196 3163 1302 3242 tuter,

379 3472 414 3540 (1)
431 3474 484 3538 Quo
500 3473 574 3523 tilulo
589 3474 682 3523 ironice
696 3479 827 3522 ornatura
842 3471 978 3523 Tertull.
992 3472 1048 3522 adr.
1064 3473 1096 3525 l.
1111 3473 1155 3524 1tt.
1172 3473 1197 3524 d.

378 3558 726 3627 (2).ttirreht1.1.p.-2t
742 3582 771 3594 -·
788 3558 824 3610 Cs.
839 3559 914 3608 etism
928 3553 1050 3621 Rhoda,
1066 3559 1084 3611 1.
1101 3560 1120 3611 l.
1137 3577 1164 3627 p.
1179 3559 1205 3612 9.

285 3691 294 3714 ,
379 3648 414 3719 (3)
431 3650 509 3698 Immo
530 3648 613 3713 potius
627 3647 657 3696 sd
674 3646 765 3694 varient
780 3641 874 3695 hancce
890 3645 1001 3710 ejusdem
1016 3647 1083 3695 uooic
1098 3646 1300 3710 significationem

344 3733 472 3800 provocari
492 3749 506 3781 a
521 3734 592 3782 nobis
606 3747 678 3798 pocae
693 3731 803 3794 uidetur,
821 3733 851 3780 ut
866 3747 939 3782 cauca
954 3733 1088 3796 iudicatur,
1106 3731 1299 3784 eur'TertnIl.

342 3821 489 3870 lleroiouorn
508 3835 686 3883 nonnunquam
702 3810 767 3868 dictu
783 3818 902 3882 quaedum
918 3819 950 3868 de
965 3820 1100 3884 Euangelio
1114 3821 1216 3872 onciaco
1230 3833 1300 3870 aecu-

341 3915 394 3970 set,
418 3923 482 3973 quae
504 3906 571 3972 apud
592 3905 742 3954 Matthaeum
757 3903 869 3968 quidem,
885 3920 935 3952 uou
953 3920 1010 3954 vero
1025 3905 1091 3970 opud
1108 3905 1200 3956 Lucam
1215 3919 1298 3956 oecur-

341 3999 409 4046 ruut.
443 3994 478 4043 Gi.
496 3986 720 4052 crebrescunt.
735 3991 753 4040 l.
770 4007 794 4056 p.
812 3989 870 4041 134.

373 4077 408 4142 (d)
424 4077 487 4128 nov.
511 4079 584 4128 lare.
605 4078 648 4129 tv.
664 4075 688 4127 d
707 4102 740 4118 -·
757 4077 821 4126 llum
837 4093 895 4126 caan
912 4077 1005 4126 hoium
1020 4078 1066 4139 ait,
1083 4075 1296 4128 ltitaohelium

336 4166 354 4215 l.
371 4164 389 4216 Ι.
404 4164 499 4213 dictum
519 4165 598 4213 lsooce
613 4163 808 4213 Tertulliani
831 4164 864 4213 ita
884 4163 985 4224 citasse,
1007 4175 1037 4211 ao
1053 4162 1074 4210 si
1089 4163 1176 4214 sarh:
1199 4161 1293 4227 »quod

335 4251 415 4303 Lucae
430 4250 536 4303 refertur
550 4265 627 4319 panes
642 4265 701 4315 uos,
718 4250 799 4317 iprum
815 4253 870 4302 est”
886 4247 953 4316 apud
968 4262 1025 4299 euus
1042 4261 1093 4297 non
1108 4245 1267 4314 tegerentur?
