2834 4996
240 845 288 908 De
313 843 483 928 Booopelii
509 845 629 910 lornei
658 844 1068 928 compositionemque,

290 974 458 1041 ootdmtr‘o
479 973 676 1060 quaerulosos
701 974 823 1058 oliqoot
844 965 1016 1040 emeretur.

571 1106 742 1172 omousio.
775 1145 779 1150 -

217 1365 287 1430 laur
310 1365 454 1449 siugulis,
488 1365 527 1432 de
554 1366 663 1450 quibus
688 1365 806 1449 agitur,
836 1365 1039 1451 perlustratis,
1061 1365 1134 1449 quid

164 1496 210 1562 de
234 1495 391 1562 llareionis
414 1495 576 1579 Euangelio
601 1514 651 1561 me
670 1495 771 1579 judiee
793 1495 980 1561 sentiendum
1003 1497 1063 1579 sit,
1094 1494 1136 1558 ta-

167 1627 228 1692 uile
255 1627 438 1710 intelligitur.
461 1625 643 1710 Argumenta
678 1644 810 1711 nempe,
832 1626 941 1709 quibus
965 1635 1032 1692 tum
1055 1624 1136 1689 llll-

167 1756 366 1836 soheliua,
387 1755 639 1824 eumltaurius
660 1775 694 1822 aa
716 1754 990 1839 Sohweglerus
1011 1755 1140 1822 demon.

169 1897 263 1954 strare
285 1889 382 1954 eonati
407 1899 494 1966 sunt,
517 1889 713 1971 antiquiorem
733 1886 884 1971 quandam
910 1903 1010 1950 rerum
1036 1885 1135 1951 Euan·

170 2018 334 2100 gutierrum
368 2019 584 2084 enarrationem
625 2018 748 2084 Pontion
777 2017 866 2083 luisse
896 2018 926 2080 in
960 2017 1134 2099 monulus,

170 2169 248 2234 quae
274 2148 367 2232 dein‘,
389 2149 475 2213 uariis
493 2146 768 2233 interpolationibus
792 2157 899 2224 aneta,
915 2147 1133 2212 inoauoniourn

168 2281 268 2346 Lunae
297 2279 418 2344 inorerit
445 2278 664 2362 Euangeliou,
693 2297 751 2345 nou
775 2279 844 2342 satis
865 2279 950 2342 firma
972 2295 1058 2358 esse,
1079 2295 1134 2340 ne·

176 2429 232 2492 que
266 2410 355 2491 igitur
388 2410 532 2474 rollonem
558 2406 641 2474 reddi
670 2427 754 2492 posse
789 2407 1008 2490 sufficientem,
1041 2425 1132 2473 eura

181 2545 305 2606 retemm
329 2536 368 2604 ds
384 2537 534 2604 llrroione
546 2585 556 2620 ‚
568 2535 599 2604 S.
610 2535 781 2622 Seriptnrro
790 2538 1134 2622 oormptore‚sententia

170 2668 366 2747 mundamus,
390 2671 562 2735 etiamnuno
582 2668 774 2738 statuendum
797 2687 859 2733 esse
874 2711 878 2720 ·
892 2687 1006 2734 nenseo.
1051 2668 1136 2733 Hane

166 2801 267 2884 ipsam
290 2817 358 2866 roro
380 2799 420 2865 ob
438 2817 558 2866 oausam
580 2798 791 2864 llilsehelii
813 2798 998 2882 aliorumque
1020 2797 1058 2862 de
1073 2799 1134 2864 ln·

167 2945 237 2993 eae
260 2930 471 3014 oompesitione
490 2937 579 3012 atque
595 2929 707 3010 origine
729 2930 914 3012 ooujeoturae
937 2928 1024 2992 letius
1040 2929 1134 2994 inres-

170 3056 312 3140 tigrndaa
339 3057 522 3144 supersederi
549 3076 566 3121 a
590 3057 676 3123 nobis
706 3075 791 3144 posse
820 3055 958 3140 ridetur,
986 3056 1134 3141 siquidem

171 3191 339 3275 ooujeotura
355 3191 409 3254 ista
425 3189 538 3255 nullom
564 3187 652 3253 aliam
677 3205 747 3274 prae
769 3206 800 3252 se
820 3187 878 3252 tert
900 3186 1136 3254 sommendatio·

171 3337 266 3398 nem,
289 3319 343 3384 nisi
359 3320 454 3402 hano,
476 3337 553 3402 quae
576 3337 612 3383 er
633 3319 704 3403 ipsis
725 3318 783 3384 illis
804 3319 985 3401 argumentis
1007 3319 1135 3403 petitur,

173 3448 213 3515 de
226 3469 353 3534 quorum
376 3449 527 3516 debilitate
550 3450 619 3528 satis
633 3452 715 3533 pam,
738 3458 772 3514 ut
793 3448 925 3531 viderur,
948 3458 1134 3533 compertum
1228 3423 1230 3426 ⁵

173 3579 260 3646 nobis
282 3589 334 3646 est.
381 3579 420 3645 Aa
445 3580 489 3646 rel
512 3583 554 3646 sio
568 3589 693 3662 tamen,
715 3598 754 3644 ne
776 3578 849 3662 qnid
872 3580 1014 3646 omissum
1037 3579 1136 3642 existi-

174 3718 296 3792 metur,
331 3729 408 3793 ege,
441 3711 624 3795 paucissimis
657 3710 751 3773 vorbis
784 3729 841 3792 ea,
875 3709 1029 3792 quee'hao
1050 3709 1081 3769 in
1106 3727 1136 3772 re

174 3857 246 3925 prae
279 3841 382 3904 ueteris
411 3840 564 3906 observatu
590 3839 693 3922 digna.
706 3847 794 3921 sunt,
818 3839 1007 3923 respiciamus
1030 3839 1136 3904 linem-

176 3991 234 4054 qne
257 3972 299 4036 sio
322 3971 409 4035 simul
436 3970 627 4055 disputationi
642 3978 768 4044 *nostrae
794 3971 992 4056 imponamus.

183 4093 186 4100 ’
223 4100 407 4180 Quibusnam
442 4102 619 4183 quantisque
653 4100 874 4166 diffioultotibus
898 4109 1051 4184 premetur
1074 4101 1138 4164 uni·

180 4249 260 4293 versa
274 4275 283 4312 ‚
299 4252 375 4314 quae
392 4231 477 4313 vulgo
497 4231 692 4313 Tubingensis
716 4231 815 4318 audit,
840 4230 877 4294 de
895 4229 1034 4297 librorum
1051 4229 1086 4293 Ν.
1104 4229 1136 4291 F.
