<?xml version="1.0" encoding="UTF-8"?>
<!DOCTYPE html PUBLIC "-//W3C//DTD XHTML 1.0 Transitional//EN"
    "http://www.w3.org/TR/xhtml1/DTD/xhtml1-transitional.dtd">
<html xmlns="http://www.w3.org/1999/xhtml" xml:lang="en" lang="en">
 <head>
  <title>
</title>
<meta http-equiv="Content-Type" content="text/html;charset=utf-8" />
  <meta name='ocr-system' content='tesseract 3.04.00' />
  <meta name='ocr-capabilities' content='ocr_page ocr_carea ocr_par ocr_line ocrx_word'/>
</head>
<body>
  <div class='ocr_page' id='page_1' title='image "./quaestionemdema00hartgoog_0123.png"; bbox 0 0 2812 4992; ppageno 0'>
   <div class='ocr_carea' id='block_1_1' title="bbox 577 841 1039 916">
    <p class='ocr_par' dir='ltr' id='par_1_1' title="bbox 577 841 1039 916">
     <span class='ocr_line' id='line_1_1' title="bbox 577 841 1039 916; baseline -0.013 0"><span class='ocrx_word' id='word_1_1' title='bbox 577 847 734 916; x_wconf 76' lang='lat' dir='ltr'><strong>Pons</strong></span> <span class='ocrx_word' id='word_1_2' title='bbox 784 841 1039 912; x_wconf 73' lang='lat' dir='ltr'><strong>runnu.</strong></span> 
     </span>
    </p>
   </div>
   <div class='ocr_carea' id='block_1_2' title="bbox 408 1049 1205 1346">
    <p class='ocr_par' dir='ltr' id='par_1_2' title="bbox 408 1049 1205 1346">
     <span class='ocr_line' id='line_1_2' title="bbox 408 1049 1205 1141; baseline -0.003 -19"><span class='ocrx_word' id='word_1_3' title='bbox 408 1071 438 1126; x_wconf 81' lang='lat' dir='ltr'><strong>nn</strong></span> <span class='ocrx_word' id='word_1_4' title='bbox 466 1074 545 1140; x_wconf 79' lang='lat' dir='ltr'><strong>our,</strong></span> <span class='ocrx_word' id='word_1_5' title='bbox 572 1075 653 1141; x_wconf 81' lang='lat' dir='ltr'><strong>oure</strong></span> <span class='ocrx_word' id='word_1_6' title='bbox 678 1073 837 1138; x_wconf 79' lang='lat' dir='ltr'><strong>nucusque</strong></span> <span class='ocrx_word' id='word_1_7' title='bbox 861 1073 893 1122; x_wconf 85' lang='lat' dir='ltr'><strong>ru</strong></span> <span class='ocrx_word' id='word_1_8' title='bbox 919 1071 1069 1123; x_wconf 82' lang='lat' dir='ltr'><strong>nrvnnsns</strong></span> <span class='ocrx_word' id='word_1_9' title='bbox 1091 1049 1205 1122; x_wconf 80' lang='lat' dir='ltr'><strong>annius</strong></span> 
     </span>
     <span class='ocr_line' id='line_1_3' title="bbox 452 1179 1158 1244; baseline -0.008 -11"><span class='ocrx_word' id='word_1_10' title='bbox 452 1181 621 1233; x_wconf 79' lang='lat' dir='ltr'><strong>orsrnrnrn</strong></span> <span class='ocrx_word' id='word_1_11' title='bbox 640 1181 734 1244; x_wconf 87' lang='lat' dir='ltr'><strong>surr,</strong></span> <span class='ocrx_word' id='word_1_12' title='bbox 752 1181 845 1231; x_wconf 80' lang='lat' dir='ltr'><strong>rursu</strong></span> <span class='ocrx_word' id='word_1_13' title='bbox 860 1180 896 1230; x_wconf 87' lang='lat' dir='ltr'><strong>su</strong></span> <span class='ocrx_word' id='word_1_14' title='bbox 913 1179 1158 1241; x_wconf 74' lang='lat' dir='ltr'><strong>consonuimus,</strong></span> 
     </span>
     <span class='ocr_line' id='line_1_4' title="bbox 560 1285 1052 1346; baseline 0 -8"><span class='ocrx_word' id='word_1_15' title='bbox 560 1288 801 1346; x_wconf 69' lang='lat' dir='ltr'><strong>peruenturus,</strong></span> <span class='ocrx_word' id='word_1_16' title='bbox 819 1285 1052 1338; x_wconf 79' lang='lat' dir='ltr'><strong>nuunrurnrun.</strong></span> 
     </span>
    </p>
   </div>
   <div class='ocr_carea' id='block_1_3' title="bbox 689 1481 917 1512">
    <p class='ocr_par' dir='ltr' id='par_1_3' title="bbox 689 1481 917 1512">
     <span class='ocr_line' id='line_1_5' title="bbox 689 1481 917 1512; baseline 0.009 -6"><span class='ocrx_word' id='word_1_17' title='bbox 689 1481 917 1512; x_wconf 52' lang='lat'><strong>*1003*-</strong></span> 
     </span>
    </p>
   </div>
   <div class='ocr_carea' id='block_1_4' title="bbox 393 1613 1287 1731">
    <p class='ocr_par' dir='ltr' id='par_1_4' title="bbox 393 1613 1287 1731">
     <span class='ocr_line' id='line_1_6' title="bbox 393 1613 1287 1731; baseline -0.012 -14"><span class='ocrx_word' id='word_1_18' title='bbox 393 1613 670 1728; x_wconf 66' lang='lat' dir='ltr'><strong>Argumentorum,</strong></span> <span class='ocrx_word' id='word_1_19' title='bbox 695 1667 772 1731; x_wconf 86' lang='lat' dir='ltr'><strong>quae</strong></span> <span class='ocrx_word' id='word_1_20' title='bbox 794 1654 896 1712; x_wconf 86' lang='lat' dir='ltr'><strong>eontra</strong></span> <span class='ocrx_word' id='word_1_21' title='bbox 921 1645 1103 1713; x_wconf 78' lang='lat' dir='ltr'><strong>Marcionem</strong></span> <span class='ocrx_word' id='word_1_22' title='bbox 1126 1642 1164 1707; x_wconf 89' lang='lat' dir='ltr'><strong>ab</strong></span> <span class='ocrx_word' id='word_1_23' title='bbox 1182 1641 1287 1706; x_wconf 63' lang='lat' dir='ltr'><strong>adven</strong></span> 
     </span>
    </p>
   </div>
   <div class='ocr_carea' id='block_1_5' title="bbox 324 1773 1288 3549">
    <p class='ocr_par' dir='ltr' id='par_1_5' title="bbox 324 1773 1288 3549">
     <span class='ocr_line' id='line_1_7' title="bbox 324 1773 1286 1862; baseline -0.006 -20"><span class='ocrx_word' id='word_1_24' title='bbox 324 1779 406 1842; x_wconf 89' lang='lat' dir='ltr'><strong>sariis</strong></span> <span class='ocrx_word' id='word_1_25' title='bbox 427 1780 491 1862; x_wconf 84' lang='lat' dir='ltr'><strong>ejus</strong></span> <span class='ocrx_word' id='word_1_26' title='bbox 517 1779 547 1840; x_wconf 91' lang='lat' dir='ltr'><strong>in</strong></span> <span class='ocrx_word' id='word_1_27' title='bbox 574 1777 710 1842; x_wconf 80' lang='lat' dir='ltr'><strong>medium</strong></span> <span class='ocrx_word' id='word_1_28' title='bbox 734 1775 857 1860; x_wconf 81' lang='lat' dir='ltr'><strong>proferri</strong></span> <span class='ocrx_word' id='word_1_29' title='bbox 879 1774 997 1856; x_wconf 87' lang='lat' dir='ltr'><strong>solent,</strong></span> <span class='ocrx_word' id='word_1_30' title='bbox 1018 1775 1125 1838; x_wconf 88' lang='lat' dir='ltr'><strong>seriem</strong></span> <span class='ocrx_word' id='word_1_31' title='bbox 1143 1774 1173 1836; x_wconf 94' lang='lat' dir='ltr'><strong>in</strong></span> <span class='ocrx_word' id='word_1_32' title='bbox 1196 1773 1286 1858; x_wconf 77' lang='lat' dir='ltr'><strong>liujus</strong></span> 
     </span>
     <span class='ocr_line' id='line_1_8' title="bbox 324 1903 1288 1992; baseline -0.009 -18"><span class='ocrx_word' id='word_1_33' title='bbox 324 1908 457 1992; x_wconf 77' lang='lat' dir='ltr'><strong>opusculi</strong></span> <span class='ocrx_word' id='word_1_34' title='bbox 477 1916 560 1992; x_wconf 83' lang='lat' dir='ltr'><strong>parte</strong></span> <span class='ocrx_word' id='word_1_35' title='bbox 580 1909 675 1992; x_wconf 89' lang='lat' dir='ltr'><strong>prima</strong></span> <span class='ocrx_word' id='word_1_36' title='bbox 699 1905 948 1990; x_wconf 77' lang='lat' dir='ltr'><strong>perlustravimus</strong></span> <span class='ocrx_word' id='word_1_37' title='bbox 985 1903 1171 1985; x_wconf 79' lang='lat' dir='ltr'><strong>Quibusnam</strong></span> <span class='ocrx_word' id='word_1_38' title='bbox 1198 1904 1288 1966; x_wconf 86' lang='lat' dir='ltr'><strong>armis</strong></span> 
     </span>
     <span class='ocr_line' id='line_1_9' title="bbox 325 2037 1282 2121; baseline -0.006 -19"><span class='ocrx_word' id='word_1_39' title='bbox 325 2038 374 2102; x_wconf 90' lang='lat' dir='ltr'><strong>alii</strong></span> <span class='ocrx_word' id='word_1_40' title='bbox 404 2057 474 2104; x_wconf 90' lang='lat' dir='ltr'><strong>eum</strong></span> <span class='ocrx_word' id='word_1_41' title='bbox 498 2039 596 2121; x_wconf 87' lang='lat' dir='ltr'><strong>tueri,</strong></span> <span class='ocrx_word' id='word_1_42' title='bbox 626 2037 816 2119; x_wconf 88' lang='lat' dir='ltr'><strong>hostiumque</strong></span> <span class='ocrx_word' id='word_1_43' title='bbox 840 2037 926 2120; x_wconf 83' lang='lat' dir='ltr'><strong>ejus,</strong></span> <span class='ocrx_word' id='word_1_44' title='bbox 949 2053 1019 2100; x_wconf 88' lang='lat' dir='ltr'><strong>oum</strong></span> <span class='ocrx_word' id='word_1_45' title='bbox 1042 2041 1199 2116; x_wconf 78' lang='lat' dir='ltr'><strong>veterum,</strong></span> <span class='ocrx_word' id='word_1_46' title='bbox 1221 2041 1282 2098; x_wconf 91' lang='lat' dir='ltr'><strong>tum</strong></span> 
     </span>
     <span class='ocr_line' id='line_1_10' title="bbox 324 2161 1276 2250; baseline -0.007 -19"><span class='ocrx_word' id='word_1_47' title='bbox 324 2169 521 2234; x_wconf 81' lang='lat' dir='ltr'><strong>remotiorum</strong></span> <span class='ocrx_word' id='word_1_48' title='bbox 540 2167 659 2232; x_wconf 88' lang='lat' dir='ltr'><strong>turbam</strong></span> <span class='ocrx_word' id='word_1_49' title='bbox 678 2166 834 2250; x_wconf 73' lang='lat' dir='ltr'><strong>profligare</strong></span> <span class='ocrx_word' id='word_1_50' title='bbox 851 2166 949 2230; x_wconf 84' lang='lat' dir='ltr'><strong>eonati</strong></span> <span class='ocrx_word' id='word_1_51' title='bbox 969 2164 1045 2247; x_wconf 90' lang='lat' dir='ltr'><strong>sint,</strong></span> <span class='ocrx_word' id='word_1_52' title='bbox 1066 2181 1135 2248; x_wconf 86' lang='lat' dir='ltr'><strong>pars</strong></span> <span class='ocrx_word' id='word_1_53' title='bbox 1158 2161 1276 2229; x_wconf 80' lang='lat' dir='ltr'><strong>seeundo</strong></span> 
     </span>
     <span class='ocr_line' id='line_1_11' title="bbox 325 2293 1275 2380; baseline -0.003 -21"><span class='ocrx_word' id='word_1_54' title='bbox 325 2316 378 2363; x_wconf 91' lang='lat' dir='ltr'><strong>nos</strong></span> <span class='ocrx_word' id='word_1_55' title='bbox 400 2297 527 2363; x_wconf 78' lang='lat' dir='ltr'>edocuit.</span> <span class='ocrx_word' id='word_1_56' title='bbox 572 2297 665 2378; x_wconf 87' lang='lat' dir='ltr'><strong>lam,</strong></span> <span class='ocrx_word' id='word_1_57' title='bbox 695 2297 717 2360; x_wconf 91' lang='lat' dir='ltr'><strong>si</strong></span> <span class='ocrx_word' id='word_1_58' title='bbox 749 2297 813 2360; x_wconf 87' lang='lat' dir='ltr'><strong>fieri</strong></span> <span class='ocrx_word' id='word_1_59' title='bbox 838 2302 956 2380; x_wconf 86' lang='lat' dir='ltr'><strong>potest,</strong></span> <span class='ocrx_word' id='word_1_60' title='bbox 990 2302 1056 2360; x_wconf 87' lang='lat' dir='ltr'><strong>utor</strong></span> <span class='ocrx_word' id='word_1_61' title='bbox 1089 2293 1275 2378; x_wconf 77' lang='lat' dir='ltr'><strong>pugnantium</strong></span> 
     </span>
     <span class='ocr_line' id='line_1_12' title="bbox 326 2421 1282 2510; baseline 0 -22"><span class='ocrx_word' id='word_1_62' title='bbox 326 2425 460 2510; x_wconf 87' lang='lat' dir='ltr'><strong>palmam</strong></span> <span class='ocrx_word' id='word_1_63' title='bbox 493 2427 612 2510; x_wconf 85' lang='lat' dir='ltr'><strong>tulerit,</strong></span> <span class='ocrx_word' id='word_1_64' title='bbox 646 2425 850 2491; x_wconf 88' lang='lat' dir='ltr'><strong>deliniendum</strong></span> <span class='ocrx_word' id='word_1_65' title='bbox 877 2425 962 2492; x_wconf 86' lang='lat' dir='ltr'><strong>nobis</strong></span> <span class='ocrx_word' id='word_1_66' title='bbox 984 2423 1130 2510; x_wconf 84' lang='lat' dir='ltr'><strong>superest.</strong></span> <span class='ocrx_word' id='word_1_67' title='bbox 1176 2421 1282 2505; x_wconf 82' lang='lat' dir='ltr'><strong>Quod,</strong></span> 
     </span>
     <span class='ocr_line' id='line_1_13' title="bbox 326 2553 1284 2642; baseline -0.004 -22"><span class='ocrx_word' id='word_1_68' title='bbox 326 2575 421 2638; x_wconf 89' lang='lat' dir='ltr'><strong>quum</strong></span> <span class='ocrx_word' id='word_1_69' title='bbox 454 2558 579 2642; x_wconf 88' lang='lat' dir='ltr'><strong>suseepti</strong></span> <span class='ocrx_word' id='word_1_70' title='bbox 614 2557 701 2622; x_wconf 80' lang='lat' dir='ltr'><strong>officii</strong></span> <span class='ocrx_word' id='word_1_71' title='bbox 738 2575 806 2641; x_wconf 83' lang='lat' dir='ltr'><strong>pars</strong></span> <span class='ocrx_word' id='word_1_72' title='bbox 826 2557 864 2619; x_wconf 88' lang='lat' dir='ltr'><strong>sit</strong></span> <span class='ocrx_word' id='word_1_73' title='bbox 887 2573 944 2620; x_wconf 87' lang='lat' dir='ltr'><strong>neo</strong></span> <span class='ocrx_word' id='word_1_74' title='bbox 971 2556 1139 2638; x_wconf 86' lang='lat' dir='ltr'><strong>levissima,</strong></span> <span class='ocrx_word' id='word_1_75' title='bbox 1162 2573 1218 2620; x_wconf 89' lang='lat' dir='ltr'><strong>noe</strong></span> <span class='ocrx_word' id='word_1_76' title='bbox 1242 2553 1284 2617; x_wconf 85' lang='lat' dir='ltr'><strong>la-</strong></span> 
     </span>
     <span class='ocr_line' id='line_1_14' title="bbox 327 2685 1286 2769; baseline -0.002 -19"><span class='ocrx_word' id='word_1_77' title='bbox 327 2686 455 2768; x_wconf 87' lang='lat' dir='ltr'><strong>oillima,</strong></span> <span class='ocrx_word' id='word_1_78' title='bbox 489 2704 631 2769; x_wconf 90' lang='lat' dir='ltr'><strong>pensum,</strong></span> <span class='ocrx_word' id='word_1_79' title='bbox 661 2705 789 2769; x_wconf 79' lang='lat' dir='ltr'><strong>quaeso,</strong></span> <span class='ocrx_word' id='word_1_80' title='bbox 818 2693 953 2751; x_wconf 89' lang='lat' dir='ltr'><strong>nostrum</strong></span> <span class='ocrx_word' id='word_1_81' title='bbox 975 2685 1129 2750; x_wconf 72' lang='lat' dir='ltr'>absolvisse</span> <span class='ocrx_word' id='word_1_82' title='bbox 1152 2705 1208 2750; x_wconf 91' lang='lat' dir='ltr'><strong>nos</strong></span> <span class='ocrx_word' id='word_1_83' title='bbox 1228 2705 1286 2769; x_wconf 86' lang='lat' dir='ltr'><strong>pu·</strong></span> 
     </span>
     <span class='ocr_line' id='line_1_15' title="bbox 326 2814 1288 2900; baseline 0 -22"><span class='ocrx_word' id='word_1_84' title='bbox 326 2825 369 2880; x_wconf 89' lang='lat' dir='ltr'><strong>tet</strong></span> <span class='ocrx_word' id='word_1_85' title='bbox 391 2815 549 2880; x_wconf 85' lang='lat' dir='ltr'><strong>benevolus</strong></span> <span class='ocrx_word' id='word_1_86' title='bbox 571 2817 687 2898; x_wconf 80' lang='lat' dir='ltr'><strong>laetor,</strong></span> <span class='ocrx_word' id='word_1_87' title='bbox 721 2835 779 2880; x_wconf 95' lang='lat' dir='ltr'><strong>non</strong></span> <span class='ocrx_word' id='word_1_88' title='bbox 803 2817 825 2879; x_wconf 87' lang='lat' dir='ltr'><strong>si</strong></span> <span class='ocrx_word' id='word_1_89' title='bbox 849 2835 912 2880; x_wconf 90' lang='lat' dir='ltr'><strong>rem</strong></span> <span class='ocrx_word' id='word_1_90' title='bbox 937 2835 1007 2900; x_wconf 88' lang='lat' dir='ltr'><strong>prae</strong></span> <span class='ocrx_word' id='word_1_91' title='bbox 1031 2816 1133 2880; x_wconf 88' lang='lat' dir='ltr'><strong>multis</strong></span> <span class='ocrx_word' id='word_1_92' title='bbox 1157 2814 1288 2899; x_wconf 86' lang='lat' dir='ltr'><strong>impedi·</strong></span> 
     </span>
     <span class='ocr_line' id='line_1_16' title="bbox 324 2944 1287 3029; baseline 0 -21"><span class='ocrx_word' id='word_1_93' title='bbox 324 2955 387 3010; x_wconf 87' lang='lat' dir='ltr'><strong>tarn</strong></span> <span class='ocrx_word' id='word_1_94' title='bbox 413 2946 545 3029; x_wconf 90' lang='lat' dir='ltr'><strong>undique</strong></span> <span class='ocrx_word' id='word_1_95' title='bbox 559 2947 744 3011; x_wconf 72' lang='lat' dir='ltr'><strong>collustrasse</strong></span> <span class='ocrx_word' id='word_1_96' title='bbox 770 2954 799 3009; x_wconf 87' lang='lat' dir='ltr'><strong>el</strong></span> <span class='ocrx_word' id='word_1_97' title='bbox 822 2954 902 3008; x_wconf 84' lang='lat' dir='ltr'><strong>extra</strong></span> <span class='ocrx_word' id='word_1_98' title='bbox 926 2964 1047 3011; x_wconf 89' lang='lat' dir='ltr'><strong>omnem</strong></span> <span class='ocrx_word' id='word_1_99' title='bbox 1070 2944 1287 3011; x_wconf 86' lang='lat' dir='ltr'><strong>dubitationem</strong></span> 
     </span>
     <span class='ocr_line' id='line_1_17' title="bbox 326 3075 1288 3169; baseline -0.006 -25"><span class='ocrx_word' id='word_1_100' title='bbox 326 3079 482 3161; x_wconf 79' lang='lat' dir='ltr'><strong>posuisse,</strong></span> <span class='ocrx_word' id='word_1_101' title='bbox 512 3076 564 3141; x_wconf 90' lang='lat' dir='ltr'><strong>sed</strong></span> <span class='ocrx_word' id='word_1_102' title='bbox 590 3077 636 3158; x_wconf 90' lang='lat' dir='ltr'><strong>si,</strong></span> <span class='ocrx_word' id='word_1_103' title='bbox 670 3075 743 3159; x_wconf 92' lang='lat' dir='ltr'><strong>quid</strong></span> <span class='ocrx_word' id='word_1_104' title='bbox 779 3077 918 3159; x_wconf 88' lang='lat' dir='ltr'><strong>utrinque</strong></span> <span class='ocrx_word' id='word_1_105' title='bbox 950 3083 1107 3169; x_wconf 85' lang='lat' dir='ltr'><strong>peceatum</strong></span> <span class='ocrx_word' id='word_1_106' title='bbox 1132 3075 1191 3152; x_wconf 91' lang='lat' dir='ltr'><strong>sit,</strong></span> <span class='ocrx_word' id='word_1_107' title='bbox 1223 3075 1288 3139; x_wconf 87' lang='lat' dir='ltr'><strong>sine</strong></span> 
     </span>
     <span class='ocr_line' id='line_1_18' title="bbox 325 3205 1288 3289; baseline -0.001 -20"><span class='ocrx_word' id='word_1_108' title='bbox 325 3209 367 3271; x_wconf 90' lang='lat' dir='ltr'><strong>ira</strong></span> <span class='ocrx_word' id='word_1_109' title='bbox 402 3215 432 3270; x_wconf 87' lang='lat' dir='ltr'><strong>et</strong></span> <span class='ocrx_word' id='word_1_110' title='bbox 464 3206 562 3271; x_wconf 89' lang='lat' dir='ltr'><strong>studio</strong></span> <span class='ocrx_word' id='word_1_111' title='bbox 584 3206 749 3287; x_wconf 79' lang='lat' dir='ltr'><strong>iudinassu,</strong></span> <span class='ocrx_word' id='word_1_112' title='bbox 772 3225 950 3289; x_wconf 80' lang='lat' dir='ltr'><strong>causamque</strong></span> <span class='ocrx_word' id='word_1_113' title='bbox 976 3207 1046 3270; x_wconf 88' lang='lat' dir='ltr'><strong>satis</strong></span> <span class='ocrx_word' id='word_1_114' title='bbox 1067 3205 1206 3272; x_wconf 87' lang='lat' dir='ltr'><strong>idoneam</strong></span> <span class='ocrx_word' id='word_1_115' title='bbox 1234 3223 1288 3270; x_wconf 91' lang='lat' dir='ltr'><strong>our</strong></span> 
     </span>
     <span class='ocr_line' id='line_1_19' title="bbox 325 3335 1286 3418; baseline 0 -18"><span class='ocrx_word' id='word_1_116' title='bbox 325 3337 458 3401; x_wconf 87' lang='lat' dir='ltr'><strong>alterutri</strong></span> <span class='ocrx_word' id='word_1_117' title='bbox 497 3337 655 3400; x_wconf 81' lang='lat' dir='ltr'><strong>rixantium</strong></span> <span class='ocrx_word' id='word_1_118' title='bbox 692 3335 919 3400; x_wconf 86' lang='lat' dir='ltr'><strong>adsentiendum</strong></span> <span class='ocrx_word' id='word_1_119' title='bbox 954 3344 1117 3418; x_wconf 87' lang='lat' dir='ltr'><strong>putemus,</strong></span> <span class='ocrx_word' id='word_1_120' title='bbox 1151 3335 1286 3401; x_wconf 87' lang='lat' dir='ltr'><strong>attulisse</strong></span> 
     </span>
     <span class='ocr_line' id='line_1_20' title="bbox 325 3465 890 3549; baseline -0.002 -19"><span class='ocrx_word' id='word_1_121' title='bbox 325 3465 515 3549; x_wconf 79' lang='lat' dir='ltr'><strong>aliquomodo</strong></span> <span class='ocrx_word' id='word_1_122' title='bbox 537 3466 622 3532; x_wconf 90' lang='lat' dir='ltr'><strong>nobis</strong></span> <span class='ocrx_word' id='word_1_123' title='bbox 644 3468 821 3532; x_wconf 87' lang='lat' dir='ltr'><strong>suooesserit.</strong></span> <span class='ocrx_word' id='word_1_124' title='bbox 887 3531 890 3542; x_wconf 57' lang='grc'><strong><em>,</em></strong></span> 
     </span>
    </p>
   </div>
   <div class='ocr_carea' id='block_1_6' title="bbox 760 3643 844 3726">
    <p class='ocr_par' dir='ltr' id='par_1_6' title="bbox 760 3643 844 3726">
     <span class='ocr_line' id='line_1_21' title="bbox 760 3643 844 3726; baseline 0.012 -20"><span class='ocrx_word' id='word_1_125' title='bbox 760 3647 786 3726; x_wconf 69' lang='lat' dir='ltr'><strong>q.</strong></span> <span class='ocrx_word' id='word_1_126' title='bbox 821 3643 844 3707; x_wconf 92' lang='lat' dir='ltr'><strong>r.</strong></span> 
     </span>
    </p>
   </div>
   <div class='ocr_carea' id='block_1_7' title="bbox 394 3821 1219 4038">
    <p class='ocr_par' dir='ltr' id='par_1_7' title="bbox 394 3821 1219 4038">
     <span class='ocr_line' id='line_1_22' title="bbox 394 3821 1219 3908; baseline -0.001 -22"><span class='ocrx_word' id='word_1_127' title='bbox 394 3822 587 3907; x_wconf 82' lang='lat' dir='ltr'><strong>Quaeritur,</strong></span> <span class='ocrx_word' id='word_1_128' title='bbox 605 3825 681 3908; x_wconf 83' lang='lat' dir='ltr'><strong>quid</strong></span> <span class='ocrx_word' id='word_1_129' title='bbox 703 3823 762 3886; x_wconf 82' lang='lat' dir='ltr'><strong>luo</strong></span> <span class='ocrx_word' id='word_1_130' title='bbox 784 3821 819 3884; x_wconf 79' lang='lat' dir='ltr'><strong>aie</strong></span> <span class='ocrx_word' id='word_1_131' title='bbox 843 3840 879 3884; x_wconf 89' lang='lat' dir='ltr'><strong>re</strong></span> <span class='ocrx_word' id='word_1_132' title='bbox 904 3840 945 3886; x_wconf 77' lang='lat' dir='ltr'><strong>eo·</strong></span> <span class='ocrx_word' id='word_1_133' title='bbox 969 3829 1111 3886; x_wconf 82' lang='lat' dir='ltr'><strong>netarum</strong></span> <span class='ocrx_word' id='word_1_134' title='bbox 1131 3823 1219 3887; x_wconf 84' lang='lat' dir='ltr'><strong>testi·</strong></span> 
     </span>
     <span class='ocr_line' id='line_1_23' title="bbox 515 3952 1092 4038; baseline 0.002 -21"><span class='ocrx_word' id='word_1_135' title='bbox 515 3955 631 4019; x_wconf 82' lang='lat' dir='ltr'><strong>moniis</strong></span> <span class='ocrx_word' id='word_1_136' title='bbox 653 3953 734 4017; x_wconf 85' lang='lat' dir='ltr'><strong>sotis</strong></span> <span class='ocrx_word' id='word_1_137' title='bbox 761 3959 845 4017; x_wconf 85' lang='lat' dir='ltr'><strong>nerto</strong></span> <span class='ocrx_word' id='word_1_138' title='bbox 868 3952 952 4038; x_wconf 77' lang='lat' dir='ltr'><strong>offici</strong></span> <span class='ocrx_word' id='word_1_139' title='bbox 974 3952 1092 4018; x_wconf 69' lang='lat' dir='ltr'><strong>deaut?</strong></span> 
     </span>
    </p>
   </div>
   <div class='ocr_carea' id='block_1_8' title="bbox 326 4129 1286 4344">
    <p class='ocr_par' dir='ltr' id='par_1_8' title="bbox 326 4129 1286 4344">
     <span class='ocr_line' id='line_1_24' title="bbox 370 4129 1286 4216; baseline -0.007 -18"><span class='ocrx_word' id='word_1_140' title='bbox 370 4129 427 4211; x_wconf 76' lang='lat' dir='ltr'><strong>Qut</strong></span> <span class='ocrx_word' id='word_1_141' title='bbox 456 4134 545 4216; x_wconf 80' lang='lat' dir='ltr'><strong>igitur</strong></span> <span class='ocrx_word' id='word_1_142' title='bbox 581 4131 761 4197; x_wconf 82' lang='lat' dir='ltr'><strong>Marcionem</strong></span> <span class='ocrx_word' id='word_1_143' title='bbox 792 4130 973 4215; x_wconf 85' lang='lat' dir='ltr'><strong>culpandum</strong></span> <span class='ocrx_word' id='word_1_144' title='bbox 1008 4138 1150 4214; x_wconf 81' lang='lat' dir='ltr'><strong>censent,</strong></span> <span class='ocrx_word' id='word_1_145' title='bbox 1178 4129 1286 4214; x_wconf 77' lang='lat' dir='ltr'><strong>primo</strong></span> 
     </span>
     <span class='ocr_line' id='line_1_25' title="bbox 326 4261 1284 4344; baseline -0.004 -17"><span class='ocrx_word' id='word_1_146' title='bbox 326 4262 391 4328; x_wconf 87' lang='lat' dir='ltr'><strong>loeo</strong></span> <span class='ocrx_word' id='word_1_147' title='bbox 429 4263 466 4326; x_wconf 91' lang='lat' dir='ltr'><strong>ad</strong></span> <span class='ocrx_word' id='word_1_148' title='bbox 501 4280 690 4329; x_wconf 89' lang='lat' dir='ltr'><strong>oorumunem</strong></span> <span class='ocrx_word' id='word_1_149' title='bbox 720 4263 825 4328; x_wconf 80' lang='lat' dir='ltr'><strong>noteris</strong></span> <span class='ocrx_word' id='word_1_150' title='bbox 848 4261 987 4327; x_wconf 80' lang='lat' dir='ltr'><strong>ecelesiae</strong></span> <span class='ocrx_word' id='word_1_151' title='bbox 1014 4263 1190 4326; x_wconf 85' lang='lat' dir='ltr'><strong>sententiam</strong></span> <span class='ocrx_word' id='word_1_152' title='bbox 1212 4277 1284 4344; x_wconf 88' lang='lat' dir='ltr'><strong>pro-</strong></span> 
     </span>
    </p>
   </div>
   <div class='ocr_carea' id='block_1_9' title="bbox 0 0 1413 4992">
    <p class='ocr_par' dir='ltr' id='par_1_9' title="bbox 0 0 1413 4992">
     <span class='ocr_line' id='line_1_26' title="bbox 0 0 1413 4992; baseline 0 0"><span class='ocrx_word' id='word_1_153' title='bbox 0 0 1413 4992; x_wconf 95' lang='lat' dir='ltr'><strong> </strong></span> 
     </span>
    </p>
   </div>
  </div>
 </body>
</html>
