<?xml version="1.0" encoding="UTF-8"?>
<!DOCTYPE html PUBLIC "-//W3C//DTD XHTML 1.0 Transitional//EN"
    "http://www.w3.org/TR/xhtml1/DTD/xhtml1-transitional.dtd">
<html xmlns="http://www.w3.org/1999/xhtml" xml:lang="en" lang="en">
 <head>
  <title>
</title>
<meta http-equiv="Content-Type" content="text/html;charset=utf-8" />
  <meta name='ocr-system' content='tesseract 3.04.00' />
  <meta name='ocr-capabilities' content='ocr_page ocr_carea ocr_par ocr_line ocrx_word'/>
</head>
<body>
  <div class='ocr_page' id='page_1' title='image "./quaestionemdema00hartgoog_0180.png"; bbox 0 0 2834 4996; ppageno 0'>
   <div class='ocr_carea' id='block_1_1' title="bbox 513 411 694 471">
    <p class='ocr_par' dir='ltr' id='par_1_1' title="bbox 513 411 694 471">
     <span class='ocr_line' id='line_1_1' title="bbox 513 411 694 471; baseline 0 -1"><span class='ocrx_word' id='word_1_1' title='bbox 513 411 694 471; x_wconf 77' lang='grc'><strong>-165-</strong></span> 
     </span>
    </p>
   </div>
   <div class='ocr_carea' id='block_1_2' title="bbox 108 614 1088 1866">
    <p class='ocr_par' dir='ltr' id='par_1_2' title="bbox 108 614 1088 1477">
     <span class='ocr_line' id='line_1_2' title="bbox 109 614 1086 702; baseline 0.006 -22"><span class='ocrx_word' id='word_1_2' title='bbox 109 617 148 682; x_wconf 78' lang='grc' dir='ltr'>τὸ</span> <span class='ocrx_word' id='word_1_3' title='bbox 178 614 295 683; x_wconf 68' lang='lat' dir='ltr'>tutilo</span> <span class='ocrx_word' id='word_1_4' title='bbox 319 616 374 684; x_wconf 74' lang='lat' dir='ltr'>sat</span> <span class='ocrx_word' id='word_1_5' title='bbox 397 616 508 689; x_wconf 75' lang='lat' dir='ltr'>alerio.</span> <span class='ocrx_word' id='word_1_6' title='bbox 556 620 652 700; x_wconf 82' lang='lat' dir='ltr'>Quam</span> <span class='ocrx_word' id='word_1_7' title='bbox 682 621 815 702; x_wconf 75' lang='lat' dir='ltr'>gravibus</span> <span class='ocrx_word' id='word_1_8' title='bbox 837 639 906 685; x_wconf 86' lang='lat' dir='ltr'>sane</span> <span class='ocrx_word' id='word_1_9' title='bbox 931 625 1025 686; x_wconf 89' lang='lat' dir='ltr'>eansis</span> <span class='ocrx_word' id='word_1_10' title='bbox 1048 621 1086 686; x_wconf 88' lang='lat' dir='ltr'>ad</span> 
     </span>
     <span class='ocr_line' id='line_1_3' title="bbox 108 747 1084 832; baseline 0.003 -25"><span class='ocrx_word' id='word_1_11' title='bbox 108 755 220 810; x_wconf 91' lang='lat' dir='ltr'>totum</span> <span class='ocrx_word' id='word_1_12' title='bbox 255 747 369 811; x_wconf 86' lang='lat' dir='ltr'>hunooe</span> <span class='ocrx_word' id='word_1_13' title='bbox 402 747 501 812; x_wconf 91' lang='lat' dir='ltr'>loonm</span> <span class='ocrx_word' id='word_1_14' title='bbox 524 747 699 812; x_wconf 87' lang='lat' dir='ltr'>serrandum</span> <span class='ocrx_word' id='word_1_15' title='bbox 723 757 875 832; x_wconf 88' lang='lat' dir='ltr'>permotos</span> <span class='ocrx_word' id='word_1_16' title='bbox 898 747 985 811; x_wconf 89' lang='lat' dir='ltr'>luerit</span> <span class='ocrx_word' id='word_1_17' title='bbox 1006 749 1084 813; x_wconf 83' lang='lat' dir='ltr'>llar=</span> 
     </span>
     <span class='ocr_line' id='line_1_4' title="bbox 109 877 1085 962; baseline 0.001 -23"><span class='ocrx_word' id='word_1_18' title='bbox 109 877 206 957; x_wconf 86' lang='lat' dir='ltr'>oion,</span> <span class='ocrx_word' id='word_1_19' title='bbox 245 878 357 960; x_wconf 88' lang='lat' dir='ltr'>optime</span> <span class='ocrx_word' id='word_1_20' title='bbox 390 877 475 942; x_wconf 89' lang='lat' dir='ltr'>nobis</span> <span class='ocrx_word' id='word_1_21' title='bbox 498 879 628 962; x_wconf 83' lang='lat' dir='ltr'>patebit,</span> <span class='ocrx_word' id='word_1_22' title='bbox 656 879 678 941; x_wconf 92' lang='lat' dir='ltr'>si</span> <span class='ocrx_word' id='word_1_23' title='bbox 707 878 902 942; x_wconf 81' lang='lat' dir='ltr'>molissimum</span> <span class='ocrx_word' id='word_1_24' title='bbox 924 879 988 959; x_wconf 89' lang='lat' dir='ltr'>ejus</span> <span class='ocrx_word' id='word_1_25' title='bbox 1015 895 1085 942; x_wconf 89' lang='lat' dir='ltr'>oum</span> 
     </span>
     <span class='ocr_line' id='line_1_5' title="bbox 108 1005 1084 1091; baseline 0.002 -23"><span class='ocrx_word' id='word_1_26' title='bbox 108 1024 164 1069; x_wconf 89' lang='lat' dir='ltr'>rss.</span> <span class='ocrx_word' id='word_1_27' title='bbox 205 1007 403 1088; x_wconf 86' lang='lat' dir='ltr'>sequentibus</span> <span class='ocrx_word' id='word_1_28' title='bbox 436 1005 586 1091; x_wconf 75' lang='lat' dir='ltr'>(dli-59)</span> <span class='ocrx_word' id='word_1_29' title='bbox 620 1025 729 1072; x_wconf 82' lang='lat' dir='ltr'>nexunt</span> <span class='ocrx_word' id='word_1_30' title='bbox 766 1007 925 1071; x_wconf 85' lang='lat' dir='ltr'>intuemur.</span> <span class='ocrx_word' id='word_1_31' title='bbox 983 1005 1084 1070; x_wconf 82' lang='lat' dir='ltr'>Alium</span> 
     </span>
     <span class='ocr_line' id='line_1_6' title="bbox 111 1133 1086 1220; baseline -0.001 -22"><span class='ocrx_word' id='word_1_32' title='bbox 111 1145 193 1199; x_wconf 84' lang='lat' dir='ltr'>eerte</span> <span class='ocrx_word' id='word_1_33' title='bbox 226 1135 326 1201; x_wconf 92' lang='lat' dir='ltr'>looum</span> <span class='ocrx_word' id='word_1_34' title='bbox 353 1134 434 1200; x_wconf 88' lang='lat' dir='ltr'>hand</span> <span class='ocrx_word' id='word_1_35' title='bbox 458 1136 540 1201; x_wconf 86' lang='lat' dir='ltr'>laoile</span> <span class='ocrx_word' id='word_1_36' title='bbox 563 1137 769 1220; x_wconf 74' lang='lat' dir='ltr'><strong>reperiemus,</strong></span> <span class='ocrx_word' id='word_1_37' title='bbox 792 1137 850 1219; x_wconf 88' lang='lat' dir='ltr'>qni·</span> <span class='ocrx_word' id='word_1_38' title='bbox 868 1135 1024 1199; x_wconf 84' lang='lat' dir='ltr'>llaroionis</span> <span class='ocrx_word' id='word_1_39' title='bbox 1045 1133 1086 1197; x_wconf 91' lang='lat' dir='ltr'>de</span> 
     </span>
     <span class='ocr_line' id='line_1_7' title="bbox 112 1263 1088 1333; baseline 0.001 -8"><span class='ocrx_word' id='word_1_40' title='bbox 112 1265 235 1328; x_wconf 86' lang='lat' dir='ltr'>Veteris</span> <span class='ocrx_word' id='word_1_41' title='bbox 268 1273 298 1329; x_wconf 87' lang='lat' dir='ltr'>et</span> <span class='ocrx_word' id='word_1_42' title='bbox 331 1263 403 1330; x_wconf 87' lang='lat' dir='ltr'>llori</span> <span class='ocrx_word' id='word_1_43' title='bbox 437 1265 576 1333; x_wconf 81' lang='lat' dir='ltr'>Foederis</span> <span class='ocrx_word' id='word_1_44' title='bbox 609 1265 743 1330; x_wconf 76' lang='lat' dir='ltr'>dissimili</span> <span class='ocrx_word' id='word_1_45' title='bbox 778 1264 876 1330; x_wconf 93' lang='lat' dir='ltr'>indole</span> <span class='ocrx_word' id='word_1_46' title='bbox 908 1266 1088 1330; x_wconf 83' lang='lat' dir='ltr'>eommentis</span> 
     </span>
     <span class='ocr_line' id='line_1_8' title="bbox 111 1394 718 1477; baseline 0.005 -20"><span class='ocrx_word' id='word_1_47' title='bbox 111 1395 213 1476; x_wconf 76' lang='lat' dir='ltr'>magis</span> <span class='ocrx_word' id='word_1_48' title='bbox 236 1413 329 1477; x_wconf 88' lang='lat' dir='ltr'>qnam</span> <span class='ocrx_word' id='word_1_49' title='bbox 352 1397 434 1459; x_wconf 87' lang='lat' dir='ltr'>hiooe</span> <span class='ocrx_word' id='word_1_50' title='bbox 458 1394 553 1460; x_wconf 84' lang='lat' dir='ltr'>lasere</span> <span class='ocrx_word' id='word_1_51' title='bbox 578 1395 718 1460; x_wconf 84' lang='lat' dir='ltr'>rideatur.</span> 
     </span>
    </p>

    <p class='ocr_par' dir='ltr' id='par_1_3' title="bbox 114 1523 1084 1866">
     <span class='ocr_line' id='line_1_9' title="bbox 156 1523 1082 1606; baseline -0.002 -18"><span class='ocrx_word' id='word_1_52' title='bbox 156 1523 348 1589; x_wconf 76' lang='lat' dir='ltr'>Marcionem</span> <span class='ocrx_word' id='word_1_53' title='bbox 386 1545 424 1590; x_wconf 97' lang='grc' dir='ltr'>νε.</span> <span class='ocrx_word' id='word_1_54' title='bbox 452 1524 533 1589; x_wconf 85' lang='lat' dir='ltr'>lllll.</span> <span class='ocrx_word' id='word_1_55' title='bbox 558 1523 599 1588; x_wconf 83' lang='lat' dir='ltr'>te</span> <span class='ocrx_word' id='word_1_56' title='bbox 623 1523 782 1606; x_wconf 75' lang='lat' dir='ltr'>delevisse,</span> <span class='ocrx_word' id='word_1_57' title='bbox 806 1525 959 1588; x_wconf 79' lang='lat' dir='ltr'>retinuisse</span> <span class='ocrx_word' id='word_1_58' title='bbox 982 1533 1082 1590; x_wconf 84' lang='lat' dir='ltr'>eontra</span> 
     </span>
     <span class='ocr_line' id='line_1_10' title="bbox 114 1653 1084 1754; baseline 0.001 -39"><span class='ocrx_word' id='word_1_59' title='bbox 114 1673 152 1717; x_wconf 88' lang='grc' dir='ltr'>νε.</span> <span class='ocrx_word' id='word_1_60' title='bbox 179 1655 252 1735; x_wconf 75' lang='grc'>20,</span> <span class='ocrx_word' id='word_1_61' title='bbox 275 1654 315 1716; x_wconf 93' lang='lat' dir='ltr'>nil</span> <span class='ocrx_word' id='word_1_62' title='bbox 350 1655 471 1720; x_wconf 90' lang='lat' dir='ltr'>omnino</span> <span class='ocrx_word' id='word_1_63' title='bbox 505 1655 595 1754; x_wconf 76' lang='lat' dir='ltr'>habet</span> <span class='ocrx_word' id='word_1_64' title='bbox 621 1653 701 1736; x_wconf 87' lang='lat' dir='ltr'>qood</span> <span class='ocrx_word' id='word_1_65' title='bbox 727 1653 879 1718; x_wconf 90' lang='lat' dir='ltr'>miremur.</span> <span class='ocrx_word' id='word_1_66' title='bbox 925 1653 995 1718; x_wconf 86' lang='lat' dir='ltr'>lam</span> <span class='ocrx_word' id='word_1_67' title='bbox 1019 1654 1084 1738; x_wconf 87' lang='lat' dir='ltr'>ipse</span> 
     </span>
     <span class='ocr_line' id='line_1_11' title="bbox 114 1781 1082 1866; baseline 0.003 -21"><span class='ocrx_word' id='word_1_68' title='bbox 114 1783 369 1849; x_wconf 78' lang='lat' dir='ltr'>Tertullianus</span> <span class='ocrx_word' id='word_1_69' title='bbox 400 1783 453 1863; x_wconf 84' lang='lat' dir='ltr'>(de</span> <span class='ocrx_word' id='word_1_70' title='bbox 488 1781 584 1847; x_wconf 83' lang='lat' dir='ltr'>Carne</span> <span class='ocrx_word' id='word_1_71' title='bbox 616 1782 685 1847; x_wconf 81' lang='lat' dir='ltr'>Chr.</span> <span class='ocrx_word' id='word_1_72' title='bbox 720 1782 754 1848; x_wconf 85' lang='lat' dir='ltr'>C.</span> <span class='ocrx_word' id='word_1_73' title='bbox 783 1783 871 1864; x_wconf 71' lang='lat' dir='ltr'>tlt.)</span> <span class='ocrx_word' id='word_1_74' title='bbox 897 1783 996 1864; x_wconf 82' lang='lat' dir='ltr'>riom⁷</span> <span class='ocrx_word' id='word_1_75' title='bbox 1023 1803 1082 1866; x_wconf 85' lang='lat' dir='ltr'>qua</span> 
     </span>
    </p>
   </div>
   <div class='ocr_carea' id='block_1_3' title="bbox 116 1888 1082 1997">
    <p class='ocr_par' dir='ltr' id='par_1_4' title="bbox 116 1888 1082 1997">
     <span class='ocr_line' id='line_1_12' title="bbox 116 1888 1082 1997; baseline 0 -21"><span class='ocrx_word' id='word_1_76' title='bbox 116 1911 263 1997; x_wconf 77' lang='lat' dir='ltr'>Apelles,</span> <span class='ocrx_word' id='word_1_77' title='bbox 298 1913 428 1978; x_wconf 79' lang='lat' dir='ltr'>Marcion</span> <span class='ocrx_word' id='word_1_78' title='bbox 453 1888 561 1997; x_wconf 88' lang='lat' dir='ltr'>aliique</span> <span class='ocrx_word' id='word_1_79' title='bbox 583 1912 711 1977; x_wconf 85' lang='lat' dir='ltr'>llooetae</span> <span class='ocrx_word' id='word_1_80' title='bbox 733 1913 925 1997; x_wconf 81' lang='lat' dir='ltr'>posteriorem</span> <span class='ocrx_word' id='word_1_81' title='bbox 948 1933 986 1976; x_wconf 89' lang='grc' dir='ltr'>νε.</span> <span class='ocrx_word' id='word_1_82' title='bbox 1011 1932 1082 1977; x_wconf 88' lang='lat' dir='ltr'>eum</span> 
     </span>
    </p>
   </div>
   <div class='ocr_carea' id='block_1_4' title="bbox 109 2043 1161 3422">
    <p class='ocr_par' dir='ltr' id='par_1_5' title="bbox 109 2043 1161 3422">
     <span class='ocr_line' id='line_1_13' title="bbox 120 2043 1079 2128; baseline 0 -22"><span class='ocrx_word' id='word_1_83' title='bbox 120 2045 249 2119; x_wconf 83' lang='lat' dir='ltr'>erroneis</span> <span class='ocrx_word' id='word_1_84' title='bbox 270 2044 331 2106; x_wconf 90' lang='lat' dir='ltr'>snis</span> <span class='ocrx_word' id='word_1_85' title='bbox 354 2043 391 2106; x_wconf 91' lang='lat' dir='ltr'>de</span> <span class='ocrx_word' id='word_1_86' title='bbox 415 2043 481 2106; x_wconf 87' lang='lat' dir='ltr'>fieta</span> <span class='ocrx_word' id='word_1_87' title='bbox 516 2043 587 2108; x_wconf 87' lang='lat' dir='ltr'>lesu</span> <span class='ocrx_word' id='word_1_88' title='bbox 621 2052 724 2108; x_wconf 88' lang='lat' dir='ltr'>natura</span> <span class='ocrx_word' id='word_1_89' title='bbox 759 2045 889 2108; x_wconf 83' lang='lat' dir='ltr'>humana</span> <span class='ocrx_word' id='word_1_90' title='bbox 913 2043 1027 2128; x_wconf 87' lang='lat' dir='ltr'>plaoitis</span> <span class='ocrx_word' id='word_1_91' title='bbox 1049 2045 1079 2106; x_wconf 93' lang='lat' dir='ltr'>in</span> 
     </span>
     <span class='ocr_line' id='line_1_14' title="bbox 125 2170 1082 2254; baseline -0.001 -17"><span class='ocrx_word' id='word_1_92' title='bbox 125 2172 308 2240; x_wconf 84' lang='lat' dir='ltr'>oonoordiam</span> <span class='ocrx_word' id='word_1_93' title='bbox 344 2171 476 2254; x_wconf 73' lang='lat' dir='ltr'>redigere</span> <span class='ocrx_word' id='word_1_94' title='bbox 497 2172 651 2252; x_wconf 82' lang='lat' dir='ltr'>solebant,</span> <span class='ocrx_word' id='word_1_95' title='bbox 674 2173 822 2238; x_wconf 87' lang='lat' dir='ltr'>indioarit.</span> <span class='ocrx_word' id='word_1_96' title='bbox 868 2170 1008 2254; x_wconf 83' lang='lat' dir='ltr'>Sollioet,</span> <span class='ocrx_word' id='word_1_97' title='bbox 1034 2190 1082 2236; x_wconf 91' lang='lat' dir='ltr'>se-</span> 
     </span>
     <span class='ocr_line' id='line_1_15' title="bbox 130 2301 1123 2384; baseline 0.003 -21"><span class='ocrx_word' id='word_1_98' title='bbox 130 2301 254 2368; x_wconf 90' lang='lat' dir='ltr'>eundum</span> <span class='ocrx_word' id='word_1_99' title='bbox 276 2303 349 2366; x_wconf 82' lang='lat' dir='ltr'>laos:</span> <span class='ocrx_word' id='word_1_100' title='bbox 373 2329 387 2358; x_wconf 76' lang='lat' dir='ltr'>n</span> <span class='ocrx_word' id='word_1_101' title='bbox 404 2301 537 2366; x_wconf 89' lang='lat' dir='ltr'>tentandi</span> <span class='ocrx_word' id='word_1_102' title='bbox 560 2304 652 2384; x_wconf 77' lang='lat' dir='ltr'>gratia</span> <span class='ocrx_word' id='word_1_103' title='bbox 674 2304 884 2368; x_wconf 74' lang='lat' dir='ltr'>nunciaverant</span> <span class='ocrx_word' id='word_1_104' title='bbox 907 2303 935 2366; x_wconf 90' lang='lat' dir='ltr'>oi</span> <span class='ocrx_word' id='word_1_105' title='bbox 954 2312 1082 2367; x_wconf 86' lang='lat' dir='ltr'>matrem</span> <span class='ocrx_word' id='word_1_106' title='bbox 1119 2319 1123 2332; x_wconf 87' lang='lat'><strong>·</strong></span> 
     </span>
     <span class='ocr_line' id='line_1_16' title="bbox 141 2430 1084 2516; baseline 0.006 -26"><span class='ocrx_word' id='word_1_107' title='bbox 141 2431 301 2514; x_wconf 71' lang='lat' dir='ltr'>eilanes,</span> <span class='ocrx_word' id='word_1_108' title='bbox 323 2450 400 2514; x_wconf 81' lang='lat' dir='ltr'>pnes</span> <span class='ocrx_word' id='word_1_109' title='bbox 419 2449 481 2496; x_wconf 87' lang='lat' dir='ltr'>ooo</span> <span class='ocrx_word' id='word_1_110' title='bbox 504 2430 679 2515; x_wconf 79' lang='lat' dir='ltr'>dobedet;&#39;’</span> <span class='ocrx_word' id='word_1_111' title='bbox 702 2451 794 2514; x_wconf 87' lang='lat' dir='ltr'>quam</span> <span class='ocrx_word' id='word_1_112' title='bbox 816 2440 916 2496; x_wconf 87' lang='lat' dir='ltr'>tamen</span> <span class='ocrx_word' id='word_1_113' title='bbox 941 2434 1084 2516; x_wconf 88' lang='lat' dir='ltr'>interpre-</span> 
     </span>
     <span class='ocr_line' id='line_1_17' title="bbox 137 2560 1082 2647; baseline 0.002 -25"><span class='ocrx_word' id='word_1_114' title='bbox 137 2561 263 2627; x_wconf 73' lang='lat' dir='ltr'>tationem</span> <span class='ocrx_word' id='word_1_115' title='bbox 298 2582 337 2626; x_wconf 87' lang='lat' dir='ltr'>rs.</span> <span class='ocrx_word' id='word_1_116' title='bbox 363 2561 403 2626; x_wconf 82' lang='lat' dir='ltr'>te</span> <span class='ocrx_word' id='word_1_117' title='bbox 440 2580 499 2628; x_wconf 94' lang='lat' dir='ltr'>non</span> <span class='ocrx_word' id='word_1_118' title='bbox 523 2560 680 2628; x_wconf 87' lang='lat' dir='ltr'>admittere</span> <span class='ocrx_word' id='word_1_119' title='bbox 703 2569 785 2647; x_wconf 89' lang='lat' dir='ltr'>patet</span> <span class='ocrx_word' id='word_1_120' title='bbox 811 2562 896 2628; x_wconf 93' lang='lat' dir='ltr'>nobis</span> <span class='ocrx_word' id='word_1_121' title='bbox 918 2563 1082 2647; x_wconf 89' lang='lat' dir='ltr'>reputanti·</span> 
     </span>
     <span class='ocr_line' id='line_1_18' title="bbox 125 2686 1084 2778; baseline 0.005 -27"><span class='ocrx_word' id='word_1_122' title='bbox 125 2686 194 2776; x_wconf 80' lang='lat' dir='ltr'>ltus,</span> <span class='ocrx_word' id='word_1_123' title='bbox 224 2696 322 2778; x_wconf 89' lang='lat' dir='ltr'>ipsum</span> <span class='ocrx_word' id='word_1_124' title='bbox 346 2692 497 2774; x_wconf 76' lang='lat' dir='ltr'>Euangelii</span> <span class='ocrx_word' id='word_1_125' title='bbox 520 2701 672 2759; x_wconf 86' lang='lat' dir='ltr'>anolorem</span> <span class='ocrx_word' id='word_1_126' title='bbox 694 2691 754 2756; x_wconf 89' lang='lat' dir='ltr'>illie</span> <span class='ocrx_word' id='word_1_127' title='bbox 777 2692 815 2757; x_wconf 93' lang='lat' dir='ltr'>de</span> <span class='ocrx_word' id='word_1_128' title='bbox 838 2692 910 2758; x_wconf 90' lang='lat' dir='ltr'>Jesn</span> <span class='ocrx_word' id='word_1_129' title='bbox 934 2701 1027 2756; x_wconf 91' lang='lat' dir='ltr'>matre</span> <span class='ocrx_word' id='word_1_130' title='bbox 1051 2712 1084 2756; x_wconf 88' lang='lat' dir='ltr'>ao</span> 
     </span>
     <span class='ocr_line' id='line_1_19' title="bbox 117 2817 1085 2906; baseline 0.005 -27"><span class='ocrx_word' id='word_1_131' title='bbox 117 2817 259 2887; x_wconf 87' lang='lat' dir='ltr'>iratribus</span> <span class='ocrx_word' id='word_1_132' title='bbox 285 2822 370 2884; x_wconf 84' lang='lat' dir='ltr'>verba</span> <span class='ocrx_word' id='word_1_133' title='bbox 392 2822 496 2890; x_wconf 82' lang='lat' dir='ltr'>lacere.</span> <span class='ocrx_word' id='word_1_134' title='bbox 554 2822 657 2903; x_wconf 88' lang='lat' dir='ltr'>Neque</span> <span class='ocrx_word' id='word_1_135' title='bbox 679 2823 772 2884; x_wconf 87' lang='lat' dir='ltr'>etiam</span> <span class='ocrx_word' id='word_1_136' title='bbox 795 2819 995 2906; x_wconf 83' lang='lat' dir='ltr'>omittendum</span> <span class='ocrx_word' id='word_1_137' title='bbox 1019 2830 1085 2902; x_wconf 84' lang='lat' dir='ltr'>est,</span> 
     </span>
     <span class='ocr_line' id='line_1_20' title="bbox 113 2947 1082 3032; baseline -0.001 -17"><span class='ocrx_word' id='word_1_138' title='bbox 113 2947 310 3015; x_wconf 85' lang='lat' dir='ltr'>llareionitas</span> <span class='ocrx_word' id='word_1_139' title='bbox 331 2965 366 3011; x_wconf 88' lang='lat' dir='ltr'>eo</span> <span class='ocrx_word' id='word_1_140' title='bbox 389 2949 486 3031; x_wconf 91' lang='lat' dir='ltr'>potius</span> <span class='ocrx_word' id='word_1_141' title='bbox 509 2965 634 3012; x_wconf 83' lang='lat' dir='ltr'>servasse</span> <span class='ocrx_word' id='word_1_142' title='bbox 657 2967 698 3010; x_wconf 86' lang='grc' dir='ltr'>νε.</span> <span class='ocrx_word' id='word_1_143' title='bbox 721 2947 783 3028; x_wconf 67' lang='lat'>20,</span> <span class='ocrx_word' id='word_1_144' title='bbox 807 2965 867 3029; x_wconf 87' lang='lat' dir='ltr'>quo</span> <span class='ocrx_word' id='word_1_145' title='bbox 891 2950 995 3031; x_wconf 86' lang='lat' dir='ltr'>majori</span> <span class='ocrx_word' id='word_1_146' title='bbox 1014 2952 1082 3032; x_wconf 90' lang='lat' dir='ltr'>jure</span> 
     </span>
     <span class='ocr_line' id='line_1_21' title="bbox 110 3076 1161 3162; baseline -0.004 -18"><span class='ocrx_word' id='word_1_147' title='bbox 110 3079 149 3144; x_wconf 87' lang='lat' dir='ltr'>ad</span> <span class='ocrx_word' id='word_1_148' title='bbox 178 3096 224 3144; x_wconf 85' lang='lat' dir='ltr'>rs.</span> <span class='ocrx_word' id='word_1_149' title='bbox 254 3076 291 3139; x_wconf 81' lang='lat' dir='ltr'>et</span> <span class='ocrx_word' id='word_1_150' title='bbox 323 3076 472 3162; x_wconf 85' lang='lat' dir='ltr'>prorooosi</span> <span class='ocrx_word' id='word_1_151' title='bbox 499 3076 536 3141; x_wconf 90' lang='lat' dir='ltr'>ab</span> <span class='ocrx_word' id='word_1_152' title='bbox 565 3076 635 3159; x_wconf 89' lang='lat' dir='ltr'>ipsis</span> <span class='ocrx_word' id='word_1_153' title='bbox 658 3082 777 3159; x_wconf 78' lang='lat' dir='ltr'>posset,</span> <span class='ocrx_word' id='word_1_154' title='bbox 799 3095 918 3158; x_wconf 74' lang='lat' dir='ltr'>quom,</span> <span class='ocrx_word' id='word_1_155' title='bbox 941 3086 973 3140; x_wconf 92' lang='lat' dir='ltr'>ut</span> <span class='ocrx_word' id='word_1_156' title='bbox 997 3079 1080 3142; x_wconf 86' lang='lat' dir='ltr'>nori·</span> <span class='ocrx_word' id='word_1_157' title='bbox 1158 3119 1161 3126; x_wconf 36' lang='lat' dir='ltr'><strong>f</strong></span> 
     </span>
     <span class='ocr_line' id='line_1_22' title="bbox 109 3204 1080 3291; baseline -0.004 -17"><span class='ocrx_word' id='word_1_158' title='bbox 109 3228 208 3290; x_wconf 78' lang='lat' dir='ltr'>mus,</span> <span class='ocrx_word' id='word_1_159' title='bbox 232 3208 289 3273; x_wconf 88' lang='lat' dir='ltr'>lroe</span> <span class='ocrx_word' id='word_1_160' title='bbox 313 3207 486 3291; x_wconf 88' lang='lat' dir='ltr'>praesertim</span> <span class='ocrx_word' id='word_1_161' title='bbox 513 3207 577 3271; x_wconf 91' lang='lat' dir='ltr'>loeo</span> <span class='ocrx_word' id='word_1_162' title='bbox 606 3204 644 3268; x_wconf 87' lang='lat' dir='ltr'>ad</span> <span class='ocrx_word' id='word_1_163' title='bbox 666 3205 870 3288; x_wconf 76' lang='lat' dir='ltr'>incorpoream</span> <span class='ocrx_word' id='word_1_164' title='bbox 896 3204 967 3270; x_wconf 88' lang='lat' dir='ltr'>lesu</span> <span class='ocrx_word' id='word_1_165' title='bbox 993 3215 1080 3270; x_wconf 88' lang='lat' dir='ltr'>natu·</span> 
     </span>
     <span class='ocr_line' id='line_1_23' title="bbox 109 3337 703 3422; baseline 0.003 -22"><span class='ocrx_word' id='word_1_166' title='bbox 109 3357 181 3404; x_wconf 86' lang='lat' dir='ltr'>ram</span> <span class='ocrx_word' id='word_1_167' title='bbox 206 3337 391 3422; x_wconf 85' lang='lat' dir='ltr'>probandam</span> <span class='ocrx_word' id='word_1_168' title='bbox 414 3338 457 3401; x_wconf 91' lang='lat' dir='ltr'>nti</span> <span class='ocrx_word' id='word_1_169' title='bbox 480 3337 703 3402; x_wconf 82' lang='lat' dir='ltr'>consuerissent..</span> 
     </span>
    </p>
   </div>
   <div class='ocr_carea' id='block_1_5' title="bbox 158 3473 1279 3570">
    <p class='ocr_par' dir='ltr' id='par_1_6' title="bbox 158 3473 1279 3570">
     <span class='ocr_line' id='line_1_24' title="bbox 158 3473 1279 3570; baseline 0.003 -31"><span class='ocrx_word' id='word_1_170' title='bbox 158 3477 278 3541; x_wconf 83' lang='lat' dir='ltr'>Vooem</span> <span class='ocrx_word' id='word_1_171' title='bbox 300 3473 418 3542; x_wconf 74' lang='lat' dir='ltr'>sideros</span> <span class='ocrx_word' id='word_1_172' title='bbox 442 3474 477 3540; x_wconf 89' lang='lat' dir='ltr'>ll.</span> <span class='ocrx_word' id='word_1_173' title='bbox 501 3475 543 3538; x_wconf 80' lang='lat' dir='ltr'>et</span> <span class='ocrx_word' id='word_1_174' title='bbox 568 3477 597 3538; x_wconf 91' lang='lat' dir='ltr'>in</span> <span class='ocrx_word' id='word_1_175' title='bbox 622 3476 731 3557; x_wconf 76' lang='lat' dir='ltr'>linang.</span> <span class='ocrx_word' id='word_1_176' title='bbox 756 3475 911 3542; x_wconf 86' lang='lat' dir='ltr'>llareionis</span> <span class='ocrx_word' id='word_1_177' title='bbox 933 3475 1059 3540; x_wconf 84' lang='lat' dir='ltr'>doluisse</span> <span class='ocrx_word' id='word_1_178' title='bbox 1067 3523 1080 3570; x_wconf 64' lang='lat'>3</span> <span class='ocrx_word' id='word_1_179' title='bbox 1168 3534 1171 3552; x_wconf 82' lang='lat'>‚</span> <span class='ocrx_word' id='word_1_180' title='bbox 1276 3505 1279 3514; x_wconf 61' lang='grc'><strong>’</strong></span> 
     </span>
    </p>
   </div>
   <div class='ocr_carea' id='block_1_6' title="bbox 112 3605 1082 4204">
    <p class='ocr_par' dir='ltr' id='par_1_7' title="bbox 112 3605 1082 4204">
     <span class='ocr_line' id='line_1_25' title="bbox 112 3605 1077 3690; baseline 0 -22"><span class='ocrx_word' id='word_1_181' title='bbox 112 3615 201 3669; x_wconf 89' lang='lat' dir='ltr'>oerto</span> <span class='ocrx_word' id='word_1_182' title='bbox 236 3607 342 3671; x_wconf 85' lang='lat' dir='ltr'>eortius</span> <span class='ocrx_word' id='word_1_183' title='bbox 376 3615 419 3670; x_wconf 88' lang='lat' dir='ltr'>est</span> <span class='ocrx_word' id='word_1_184' title='bbox 451 3607 502 3690; x_wconf 81' lang='lat' dir='ltr'>(l).</span> <span class='ocrx_word' id='word_1_185' title='bbox 550 3607 622 3670; x_wconf 84' lang='lat' dir='ltr'>Eam</span> <span class='ocrx_word' id='word_1_186' title='bbox 657 3625 716 3671; x_wconf 93' lang='lat' dir='ltr'>non</span> <span class='ocrx_word' id='word_1_187' title='bbox 743 3605 869 3670; x_wconf 87' lang='lat' dir='ltr'>doluisse</span> <span class='ocrx_word' id='word_1_188' title='bbox 894 3605 1001 3668; x_wconf 85' lang='lat' dir='ltr'>XVlll.</span> <span class='ocrx_word' id='word_1_189' title='bbox 1027 3605 1077 3668; x_wconf 90' lang='lat' dir='ltr'>l8.</span> 
     </span>
     <span class='ocr_line' id='line_1_26' title="bbox 112 3733 1080 3816; baseline 0 -19"><span class='ocrx_word' id='word_1_190' title='bbox 112 3733 285 3800; x_wconf 79' lang='lat' dir='ltr'>Tertull.</span> <span class='ocrx_word' id='word_1_191' title='bbox 313 3745 444 3800; x_wconf 88' lang='lat' dir='ltr'>testator.</span> <span class='ocrx_word' id='word_1_192' title='bbox 501 3735 581 3815; x_wconf 80' lang='lat' dir='ltr'>Quid</span> <span class='ocrx_word' id='word_1_193' title='bbox 616 3754 719 3800; x_wconf 86' lang='lat' dir='ltr'>eansae</span> <span class='ocrx_word' id='word_1_194' title='bbox 753 3743 783 3798; x_wconf 89' lang='lat' dir='ltr'>et</span> <span class='ocrx_word' id='word_1_195' title='bbox 827 3733 946 3816; x_wconf 87' lang='lat' dir='ltr'>qualem</span> <span class='ocrx_word' id='word_1_196' title='bbox 991 3733 1080 3814; x_wconf 78' lang='lat' dir='ltr'>igitur</span> 
     </span>
     <span class='ocr_line' id='line_1_27' title="bbox 113 3862 1079 3947; baseline -0.002 -21"><span class='ocrx_word' id='word_1_197' title='bbox 113 3865 284 3929; x_wconf 88' lang='lat' dir='ltr'>haeretious</span> <span class='ocrx_word' id='word_1_198' title='bbox 318 3873 415 3928; x_wconf 91' lang='lat' dir='ltr'>noster</span> <span class='ocrx_word' id='word_1_199' title='bbox 449 3865 608 3945; x_wconf 79' lang='lat' dir='ltr'>habuerit,</span> <span class='ocrx_word' id='word_1_200' title='bbox 645 3884 719 3946; x_wconf 78' lang='lat' dir='ltr'>eur,</span> <span class='ocrx_word' id='word_1_201' title='bbox 742 3863 823 3947; x_wconf 91' lang='lat' dir='ltr'>quod</span> <span class='ocrx_word' id='word_1_202' title='bbox 846 3882 905 3928; x_wconf 91' lang='lat' dir='ltr'>uno</span> <span class='ocrx_word' id='word_1_203' title='bbox 933 3862 997 3927; x_wconf 90' lang='lat' dir='ltr'>looo</span> <span class='ocrx_word' id='word_1_204' title='bbox 1018 3881 1079 3926; x_wconf 88' lang='lat' dir='ltr'>ser-</span> 
     </span>
     <span class='ocr_line' id='line_1_28' title="bbox 116 3991 1082 4077; baseline 0.002 -21"><span class='ocrx_word' id='word_1_205' title='bbox 116 4003 225 4076; x_wconf 71' lang='lat' dir='ltr'>varet,</span> <span class='ocrx_word' id='word_1_206' title='bbox 241 3995 331 4060; x_wconf 89' lang='lat' dir='ltr'>altero</span> <span class='ocrx_word' id='word_1_207' title='bbox 354 3992 481 4074; x_wconf 73' lang='lat' dir='ltr'>deteret,</span> <span class='ocrx_word' id='word_1_208' title='bbox 502 4012 563 4058; x_wconf 92' lang='lat' dir='ltr'>non</span> <span class='ocrx_word' id='word_1_209' title='bbox 585 3992 667 4058; x_wconf 87' lang='lat' dir='ltr'>looile</span> <span class='ocrx_word' id='word_1_210' title='bbox 691 3993 748 4058; x_wconf 89' lang='lat' dir='ltr'>diei</span> <span class='ocrx_word' id='word_1_211' title='bbox 772 4001 876 4077; x_wconf 84' lang='lat' dir='ltr'>potest.</span> <span class='ocrx_word' id='word_1_212' title='bbox 901 3991 940 4056; x_wconf 82' lang='lat' dir='ltr'>Ar</span> <span class='ocrx_word' id='word_1_213' title='bbox 958 3991 1082 4074; x_wconf 74' lang='lat' dir='ltr'>dignum</span> 
     </span>
     <span class='ocr_line' id='line_1_29' title="bbox 118 4121 1082 4204; baseline 0.002 -20"><span class='ocrx_word' id='word_1_214' title='bbox 118 4129 221 4186; x_wconf 90' lang='lat' dir='ltr'>tamen</span> <span class='ocrx_word' id='word_1_215' title='bbox 267 4133 328 4204; x_wconf 79' lang='lat' dir='ltr'>est,</span> <span class='ocrx_word' id='word_1_216' title='bbox 367 4121 446 4204; x_wconf 88' lang='lat' dir='ltr'>quod</span> <span class='ocrx_word' id='word_1_217' title='bbox 482 4121 733 4188; x_wconf 78' lang='lat' dir='ltr'>animadvertatur</span> <span class='ocrx_word' id='word_1_218' title='bbox 768 4122 802 4186; x_wconf 86' lang='lat' dir='ltr'>x.</span> <span class='ocrx_word' id='word_1_219' title='bbox 838 4123 879 4186; x_wconf 79' lang='lat' dir='ltr'>et</span> <span class='ocrx_word' id='word_1_220' title='bbox 916 4141 1082 4189; x_wconf 85' lang='lat' dir='ltr'>sermonem</span> 
     </span>
    </p>
   </div>
   <div class='ocr_carea' id='block_1_7' title="bbox 125 4261 309 4282">
    <p class='ocr_par' dir='ltr' id='par_1_8' title="bbox 125 4261 309 4282">
     <span class='ocr_line' id='line_1_30' title="bbox 125 4261 309 4282; baseline 0.005 -1"><span class='ocrx_word' id='word_1_221' title='bbox 125 4261 309 4282; x_wconf 46' lang='lat' dir='ltr'>*nn-</span> 
     </span>
    </p>
   </div>
   <div class='ocr_carea' id='block_1_8' title="bbox 163 4326 367 4395">
    <p class='ocr_par' dir='ltr' id='par_1_9' title="bbox 163 4326 367 4395">
     <span class='ocr_line' id='line_1_31' title="bbox 163 4326 367 4395; baseline 0.02 -19"><span class='ocrx_word' id='word_1_222' title='bbox 163 4326 197 4393; x_wconf 82' lang='lat' dir='ltr'>(l)</span> <span class='ocrx_word' id='word_1_223' title='bbox 214 4329 269 4380; x_wconf 82' lang='lat' dir='ltr'>vit.</span> <span class='ocrx_word' id='word_1_224' title='bbox 287 4344 367 4395; x_wconf 81' lang='lat' dir='ltr'>supro.</span> 
     </span>
    </p>
   </div>
   <div class='ocr_carea' id='block_1_9' title="bbox 0 0 1426 4996">
    <p class='ocr_par' dir='ltr' id='par_1_10' title="bbox 0 0 1426 4996">
     <span class='ocr_line' id='line_1_32' title="bbox 0 0 1426 4996; baseline 0 0"><span class='ocrx_word' id='word_1_225' title='bbox 0 0 1426 4996; x_wconf 95' lang='lat' dir='ltr'> </span> 
     </span>
    </p>
   </div>
  </div>
 </body>
</html>
