2812 4992
517 340 678 426 ’,73-

116 567 246 633 lralrllem
268 583 353 650 posse
377 564 463 629 reddi
486 568 632 631 rationem
656 585 707 629 cur
730 583 787 640 ca,
811 583 909 646 quae,
939 565 963 626 si
991 566 1079 628 Ter·

115 698 287 764 tolliano
310 693 596 780 Epipllanioqne
623 693 696 757 fides
711 691 845 758 habenda
861 693 968 776 sit,in
982 693 1080 758 linan-

116 828 196 910 pelio
218 827 342 892 Pontico
364 823 627 905 desiderabantur,
656 823 694 888 de
715 822 856 888 industria
879 822 985 887 exinde
1010 825 1081 888 snb-

118 964 202 1021 mota
216 974 288 1036 ‚esse
314 962 476 1020 statuamus
490 953 544 1038 (l).
589 953 765 1019 Provocatur
783 951 906 1035 quidem
923 952 960 1016 ad
975 954 1082 1018 haecce

119 1037 370 1148 Tdrtnlliani
404 1083 514 1163 rerba,
547 1101 623 1164 quae
655 1084 718 1164 jam
755 1100 843 1166 snpra
873 1080 1079 1146 laudarimnsa

120 1241 135 1272 a
157 1213 311 1278 Contraria
336 1230 470 1295 quaeque
506 1213 669 1276 sententiae
703 1229 773 1274 snae
798 1212 885 1276 erasit
907 1211 1083 1295 (Marcion),

122 1370 137 1401 a
161 1343 353 1426 conspirantia
376 1359 447 1406 cnm
471 1348 622 1416 creatore,
646 1340 730 1422 quasi
752 1339 790 1402 ab
813 1340 1003 1406 assertoribus
1020 1342 1085 1424 ejus

121 1497 138 1530 ι
158 1473 291 1553 intexta,
314 1471 512 1555 competentia
543 1478 643 1534 autem
675 1470 837 1534 sententiae
863 1489 933 1534 suae
956 1487 1083 1534 resecra-

121 1597 212 1665 ».rit’'
237 1600 317 1686 (adr.
340 1600 431 1665 Marc.
454 1600 505 1665 lv.
530 1597 575 1681 6).
620 1596 712 1682 Atqui
738 1601 796 1665 hoe
828 1616 889 1666 non
929 1601 968 1664 ita
1006 1600 1083 1666 obti-

119 1733 244 1814 nuisse,
266 1733 320 1794 etsi
345 1729 601 1794 Tertulliano
625 1731 719 1792 risum
751 1731 811 1811 sit,
833 1748 879 1793 res
902 1729 965 1813 ipsa
988 1729 1086 1794 mani-

123 1861 197 1926 iosto
232 1860 328 1928 docet.
375 1859 455 1939 Quid
487 1859 590 1924 enim?
632 1859 813 1924 Marcionem
847 1859 944 1924 Lucae
972 1867 1087 1924 textum

125 1991 174 2054 hic
189 1989 258 2053 illic
281 1987 491 2066 immutando,
509 1988 688 2071 resecando,
703 1987 908 2073 interpolando
927 1990 1088 2073 corrupisse

125 2118 363 2200 crediderimus,
386 2139 481 2202 quom
514 2119 606 2184 nilrilo
636 2119 736 2184 minos
770 2119 801 2182 in
835 2121 900 2202 eJus
932 2119 1088 2201 Evangelio

124 2249 299 2334 permultos¹
312 2250 453 2314 exstitisse
488 2249 568 2315 locos
602 2257 778 2332 conpertum
807 2248 987 2332 habeamus,
1009 2249 1089 2315 unde

128 2378 271 2442 ecclesiae
302 2377 436 2442 doctores
465 2377 665 2442 confundendi
689 2395 765 2462 enm¹
782 2397 884 2444 nomm
907 2382 1090 2445 sumserint?

128 2505 185 2571 Cui
207 2507 323 2572 bonum
345 2507 455 2588 igitur,
484 2506 565 2591 quod
587 2509 633 2572 sni
656 2527 742 2572 cama
756 2556 766 2590 ,
780 2561 784 2570 .
798 2517 829 2572 et
861 2510 892 2572 in
926 2512 1091 2593 systematis

126 2638 172 2701 sui
188 2637 313 2719 gratiam
329 2638 510 2702 commisisse
525 2637 641 2720 lertnr,
661 2639 717 2701 nisi
741 2647 837 2704 cetere
861 2659 1000 2723 quoque,
1016 2661 1092 2724 qnae

125 2767 246 2870 placitis¹
254 2770 319 2850 ejus
331 2769 439 2851 pariter
451 2765 570 2832 adversa
586 2775 683 2832 essent
693 2812 705 2850 ,
716 2776 768 2832 aut
778 2777 907 2834 mutasse
920 2820 930 2847 ,
943 2779 993 2834 ant
1010 2773 1094 2854 peni-

127 2907 184 2966 tns‘
199 2897 349 2962 sustulisse
363 2895 508 2962 dicendos
522 2898 586 2960 sit?
618 2896 721 2979 Neque
736 2897 828 2986 ctiam
842 2875 1095 2984 conlnperejnrat

129 3024 169 3090 ad
200 3024 255 3104 id,
290 3026 373 3110 quod
397 3027 680 3100 Tertullianus
702 3029 829 3113 conjecit
855 3029 975 3112 potius,
1002 3047 1093 3110 qoam

126 3155 286 3240 probarit,
319 3157 501 3224 Marcionem
536 3175 645 3241 nempe
677 3175 738 3223 non
764 3159 929 3242 pepercisse
951 3159 1006 3221 nisi
1028 3159 1093 3241 cis,

127 3306 206 3368 quae
234 3307 296 3354 non
323 3291 423 3355 minos
449 3288 546 3356 aliter
571 3289 830 3373 interpretando,
852 3308 943 3372 qnam
966 3289 1096 3362 delendo

128 3421 274 3485 subvertit
296 3419 371 3504 (adr.
396 3419 486 3486 Marc.
511 3421 562 3486 tv.
586 3421 650 3506 ld).
696 3420 851 3488 Enimvero
874 3423 930 3487 hoc
951 3430 1018 3486 tom
1042 3421 1095 3486 de-

126 3569 215 3614 mum
239 3549 458 3632 aliquantulum
473 3551 612 3629 ualeret,
636 3553 660 3615 si
683 3571 777 3636 pauca
804 3552 974 3635 quaedam,
997 3571 1096 3635 quae,
1150 3586 1152 3590 ·
1250 3573 1258 3584 ‘

126 3681 198 3744 licet
221 3683 364 3746 contraria
387 3682 467 3764 sibi,
489 3701 549 3747 non
578 3684 640 3750 sine
671 3661 780 3763 magno
807 3690 962 3746 contextus
983 3681 1094 3748 damno

126 3809 234 3874 anlerri
259 3819 420 3895 poterant,
454 3812 486 3872 in
519 3812 679 3894 Euangelio
714 3830 766 3876 son
800 3829 952 3875 remancre
986 3813 1096 3876 sivisset

127 3938 275 4008 Ponticus.
322 3941 415 4008 Prout
442 3923 529 4004 nune
547 3949 646 4005 autem
675 3960 721 4010 res
748 3959 778 4004 se
814 3940 927 4021 habet,
950 3942 1096 4025 eiusmodi

148 4075 355 4088 mnu-n·

132 4164 137 4187 ι
164 4145 200 4212 (1)
217 4146 334 4210 Nochap.
347 4147 418 4196 er't.
433 4147 453 4195 1.
471 4162 499 4211 pa
512 4145 569 4198 tce.
584 4167 616 4187 ι-
632 4147 666 4198 Cf.
683 4141 836 4198 llitr'clrl.
855 4146 871 4197 l.
891 4148 909 4198 l.
925 4163 949 4214 p.
964 4149 996 4200 to
1015 4166 1051 4214 sq.
1070 4155 1095 4199 ot

131 4249 157 4306 p.
173 4231 207 4280 ⁶5
221 4246 276 4295 sqq.
