<?xml version="1.0" encoding="UTF-8"?>
<!DOCTYPE html PUBLIC "-//W3C//DTD XHTML 1.0 Transitional//EN"
    "http://www.w3.org/TR/xhtml1/DTD/xhtml1-transitional.dtd">
<html xmlns="http://www.w3.org/1999/xhtml" xml:lang="en" lang="en">
 <head>
  <title>
</title>
<meta http-equiv="Content-Type" content="text/html;charset=utf-8" />
  <meta name='ocr-system' content='tesseract 3.04.00' />
  <meta name='ocr-capabilities' content='ocr_page ocr_carea ocr_par ocr_line ocrx_word'/>
</head>
<body>
  <div class='ocr_page' id='page_1' title='image "./quaestionemdema00hartgoog_0125.png"; bbox 0 0 2812 4992; ppageno 0'>
   <div class='ocr_carea' id='block_1_1' title="bbox 730 389 911 452">
    <p class='ocr_par' dir='ltr' id='par_1_1' title="bbox 730 389 911 452">
     <span class='ocr_line' id='line_1_1' title="bbox 730 389 911 452; baseline 0.017 -3"><span class='ocrx_word' id='word_1_1' title='bbox 730 389 911 452; x_wconf 77' lang='lat' dir='ltr'><strong>-uu-</strong></span> 
     </span>
    </p>
   </div>
   <div class='ocr_carea' id='block_1_2' title="bbox 338 586 1303 1064">
    <p class='ocr_par' dir='ltr' id='par_1_2' title="bbox 338 586 1303 1064">
     <span class='ocr_line' id='line_1_2' title="bbox 383 586 1295 674; baseline -0.001 -18"><span class='ocrx_word' id='word_1_2' title='bbox 383 587 471 669; x_wconf 78' lang='lat' dir='ltr'><strong>Quod</strong></span> <span class='ocrx_word' id='word_1_3' title='bbox 491 605 586 672; x_wconf 79' lang='lat' dir='ltr'><strong>porro</strong></span> <span class='ocrx_word' id='word_1_4' title='bbox 604 587 730 654; x_wconf 88' lang='lat' dir='ltr'><strong>lormam</strong></span> <span class='ocrx_word' id='word_1_5' title='bbox 750 589 840 674; x_wconf 83' lang='lat' dir='ltr'><strong>lrnJus</strong></span> <span class='ocrx_word' id='word_1_6' title='bbox 852 586 1004 670; x_wconf 70' lang='lat' dir='ltr'><strong>Euangelii</strong></span> <span class='ocrx_word' id='word_1_7' title='bbox 1018 589 1141 668; x_wconf 78' lang='lat' dir='ltr'><strong>attinet,</strong></span> <span class='ocrx_word' id='word_1_8' title='bbox 1153 607 1204 672; x_wconf 87' lang='lat' dir='ltr'><strong>es,</strong></span> <span class='ocrx_word' id='word_1_9' title='bbox 1218 607 1295 674; x_wconf 88' lang='lat' dir='ltr'><strong>quso</strong></span> 
     </span>
     <span class='ocr_line' id='line_1_3' title="bbox 339 717 1300 812; baseline 0.002 -28"><span class='ocrx_word' id='word_1_10' title='bbox 339 719 530 800; x_wconf 83' lang='lat' dir='ltr'><strong>ooutiuebnt,</strong></span> <span class='ocrx_word' id='word_1_11' title='bbox 558 738 575 782; x_wconf 88' lang='lat' dir='ltr'><strong>a</strong></span> <span class='ocrx_word' id='word_1_12' title='bbox 601 719 698 812; x_wconf 61' lang='lat' dir='ltr'><strong>lnuoae</strong></span> <span class='ocrx_word' id='word_1_13' title='bbox 720 717 841 801; x_wconf 69' lang='lat' dir='ltr'><strong>digestis</strong></span> <span class='ocrx_word' id='word_1_14' title='bbox 861 718 922 784; x_wconf 86' lang='lat' dir='ltr'><strong>lere</strong></span> <span class='ocrx_word' id='word_1_15' title='bbox 944 737 1005 785; x_wconf 92' lang='lat' dir='ltr'><strong>nou</strong></span> <span class='ocrx_word' id='word_1_16' title='bbox 1029 717 1181 784; x_wconf 83' lang='lat' dir='ltr'><strong>diversum</strong></span> <span class='ocrx_word' id='word_1_17' title='bbox 1206 729 1300 787; x_wconf 78' lang='lat' dir='ltr'><strong>erant.</strong></span> 
     </span>
     <span class='ocr_line' id='line_1_4' title="bbox 340 847 1303 934; baseline 0.002 -20"><span class='ocrx_word' id='word_1_18' title='bbox 340 847 419 928; x_wconf 78' lang='lat' dir='ltr'><strong>Quin</strong></span> <span class='ocrx_word' id='word_1_19' title='bbox 453 855 534 912; x_wconf 84' lang='lat' dir='ltr'><strong>tanta</strong></span> <span class='ocrx_word' id='word_1_20' title='bbox 557 847 634 914; x_wconf 88' lang='lat' dir='ltr'><strong>iuter</strong></span> <span class='ocrx_word' id='word_1_21' title='bbox 655 853 819 932; x_wconf 88' lang='lat' dir='ltr'><strong>utrumque</strong></span> <span class='ocrx_word' id='word_1_22' title='bbox 842 849 953 915; x_wconf 89' lang='lat' dir='ltr'><strong>librum</strong></span> <span class='ocrx_word' id='word_1_23' title='bbox 978 849 1034 913; x_wconf 89' lang='lat' dir='ltr'><strong>luit</strong></span> <span class='ocrx_word' id='word_1_24' title='bbox 1057 849 1246 934; x_wconf 78' lang='lat' dir='ltr'><strong>similitudo,</strong></span> <span class='ocrx_word' id='word_1_25' title='bbox 1267 855 1303 916; x_wconf 86' lang='lat' dir='ltr'><strong>ut</strong></span> 
     </span>
     <span class='ocr_line' id='line_1_5' title="bbox 338 977 1299 1064; baseline 0 -20"><span class='ocrx_word' id='word_1_26' title='bbox 338 996 433 1044; x_wconf 89' lang='lat' dir='ltr'><strong>unum</strong></span> <span class='ocrx_word' id='word_1_27' title='bbox 458 997 495 1044; x_wconf 82' lang='lat' dir='ltr'><strong>en</strong></span> <span class='ocrx_word' id='word_1_28' title='bbox 517 978 608 1044; x_wconf 85' lang='lat' dir='ltr'><strong>altero</strong></span> <span class='ocrx_word' id='word_1_29' title='bbox 633 977 750 1044; x_wconf 81' lang='lat' dir='ltr'><strong>tinxisse</strong></span> <span class='ocrx_word' id='word_1_30' title='bbox 776 979 858 1044; x_wconf 86' lang='lat' dir='ltr'><strong>omni</strong></span> <span class='ocrx_word' id='word_1_31' title='bbox 883 977 974 1046; x_wconf 84' lang='lat' dir='ltr'><strong>dubio</strong></span> <span class='ocrx_word' id='word_1_32' title='bbox 1001 987 1157 1044; x_wconf 84' lang='lat' dir='ltr'><strong>exemtum</strong></span> <span class='ocrx_word' id='word_1_33' title='bbox 1183 981 1221 1044; x_wconf 90' lang='lat' dir='ltr'><strong>sit</strong></span> <span class='ocrx_word' id='word_1_34' title='bbox 1245 979 1299 1064; x_wconf 66' lang='lat' dir='ltr'><strong>(ll</strong></span> 
     </span>
    </p>
   </div>
   <div class='ocr_carea' id='block_1_3' title="bbox 336 1093 1299 1194">
    <p class='ocr_par' dir='ltr' id='par_1_3' title="bbox 336 1093 1299 1194">
     <span class='ocr_line' id='line_1_6' title="bbox 336 1093 1299 1194; baseline 0 -20"><span class='ocrx_word' id='word_1_35' title='bbox 336 1109 493 1174; x_wconf 88' lang='lat' dir='ltr'><strong>ldareiouis</strong></span> <span class='ocrx_word' id='word_1_36' title='bbox 525 1116 626 1174; x_wconf 88' lang='lat' dir='ltr'><strong>autem</strong></span> <span class='ocrx_word' id='word_1_37' title='bbox 642 1093 643 1098; x_wconf 30' lang='lat'>¹</span> <span class='ocrx_word' id='word_1_38' title='bbox 662 1108 822 1190; x_wconf 75' lang='lat' dir='ltr'><strong>Euangelio</strong></span> <span class='ocrx_word' id='word_1_39' title='bbox 859 1099 943 1194; x_wconf 65' lang='lat' dir='ltr'><strong>plurs‘</strong></span> <span class='ocrx_word' id='word_1_40' title='bbox 976 1107 1129 1191; x_wconf 84' lang='lat' dir='ltr'><strong>doluisse,</strong></span> <span class='ocrx_word' id='word_1_41' title='bbox 1163 1127 1241 1193; x_wconf 84' lang='lat' dir='ltr'><strong>quse</strong></span> <span class='ocrx_word' id='word_1_42' title='bbox 1270 1111 1299 1174; x_wconf 89' lang='lat' dir='ltr'><strong>lu</strong></span> 
     </span>
    </p>
   </div>
   <div class='ocr_carea' id='block_1_4' title="bbox 237 1231 1303 3143">
    <p class='ocr_par' dir='ltr' id='par_1_4' title="bbox 237 1231 1303 2492">
     <span class='ocr_line' id='line_1_7' title="bbox 336 1231 1301 1324; baseline 0.002 -22"><span class='ocrx_word' id='word_1_43' title='bbox 336 1247 435 1304; x_wconf 87' lang='lat' dir='ltr'><strong>nostro</strong></span> <span class='ocrx_word' id='word_1_44' title='bbox 467 1237 627 1320; x_wconf 77' lang='lat' dir='ltr'><strong>leguntur,</strong></span> <span class='ocrx_word' id='word_1_45' title='bbox 662 1239 878 1324; x_wconf 83' lang='lat' dir='ltr'><strong>nonnullosque</strong></span> <span class='ocrx_word' id='word_1_46' title='bbox 915 1231 995 1304; x_wconf 83' lang='lat' dir='ltr'><strong>looos</strong></span> <span class='ocrx_word' id='word_1_47' title='bbox 1027 1240 1059 1302; x_wconf 95' lang='lat' dir='ltr'><strong>iu</strong></span> <span class='ocrx_word' id='word_1_48' title='bbox 1093 1258 1130 1306; x_wconf 85' lang='lat' dir='ltr'><strong>eo</strong></span> <span class='ocrx_word' id='word_1_49' title='bbox 1155 1239 1246 1304; x_wconf 86' lang='lat' dir='ltr'><strong>aliter</strong></span> <span class='ocrx_word' id='word_1_50' title='bbox 1270 1257 1301 1304; x_wconf 90' lang='lat' dir='ltr'><strong>su</strong></span> 
     </span>
     <span class='ocr_line' id='line_1_8' title="bbox 338 1368 1303 1458; baseline 0.005 -26"><span class='ocrx_word' id='word_1_51' title='bbox 338 1368 494 1450; x_wconf 84' lang='lat' dir='ltr'><strong>hahuisse,</strong></span> <span class='ocrx_word' id='word_1_52' title='bbox 527 1376 562 1432; x_wconf 86' lang='lat' dir='ltr'><strong>ut</strong></span> <span class='ocrx_word' id='word_1_53' title='bbox 591 1389 608 1433; x_wconf 92' lang='lat' dir='ltr'><strong>a</strong></span> <span class='ocrx_word' id='word_1_54' title='bbox 643 1369 788 1458; x_wconf 79' lang='lat' dir='ltr'><strong>veteribus</strong></span> <span class='ocrx_word' id='word_1_55' title='bbox 823 1368 931 1434; x_wconf 84' lang='lat' dir='ltr'><strong>diserte</strong></span> <span class='ocrx_word' id='word_1_56' title='bbox 966 1368 1119 1452; x_wconf 75' lang='lat' dir='ltr'><strong>traditur,</strong></span> <span class='ocrx_word' id='word_1_57' title='bbox 1154 1371 1303 1437; x_wconf 82' lang='lat' dir='ltr'><strong>terentio·</strong></span> 
     </span>
     <span class='ocr_line' id='line_1_9' title="bbox 338 1498 1300 1584; baseline 0.005 -22"><span class='ocrx_word' id='word_1_58' title='bbox 338 1517 407 1564; x_wconf 90' lang='lat' dir='ltr'><strong>rum</strong></span> <span class='ocrx_word' id='word_1_59' title='bbox 439 1498 606 1564; x_wconf 85' lang='lat' dir='ltr'><strong>eommunis</strong></span> <span class='ocrx_word' id='word_1_60' title='bbox 641 1506 685 1564; x_wconf 90' lang='lat' dir='ltr'><strong>ost</strong></span> <span class='ocrx_word' id='word_1_61' title='bbox 716 1498 869 1564; x_wconf 85' lang='lat' dir='ltr'><strong>sententia.</strong></span> <span class='ocrx_word' id='word_1_62' title='bbox 924 1498 1029 1582; x_wconf 82' lang='lat' dir='ltr'><strong>Neque</strong></span> <span class='ocrx_word' id='word_1_63' title='bbox 1065 1508 1167 1564; x_wconf 85' lang='lat' dir='ltr'><strong>tamen</strong></span> <span class='ocrx_word' id='word_1_64' title='bbox 1200 1500 1300 1584; x_wconf 88' lang='lat' dir='ltr'><strong>illud,</strong></span> 
     </span>
     <span class='ocr_line' id='line_1_10' title="bbox 339 1627 1300 1714; baseline 0.005 -23"><span class='ocrx_word' id='word_1_65' title='bbox 339 1629 395 1692; x_wconf 87' lang='lat' dir='ltr'><strong>etsi</strong></span> <span class='ocrx_word' id='word_1_66' title='bbox 434 1627 530 1694; x_wconf 93' lang='lat' dir='ltr'><strong>multo</strong></span> <span class='ocrx_word' id='word_1_67' title='bbox 570 1628 707 1708; x_wconf 80' lang='lat' dir='ltr'><strong>brevius,</strong></span> <span class='ocrx_word' id='word_1_68' title='bbox 744 1629 842 1694; x_wconf 77' lang='lat' dir='ltr'><strong>lusae</strong></span> <span class='ocrx_word' id='word_1_69' title='bbox 874 1630 957 1713; x_wconf 83' lang='lat' dir='ltr'><strong>quusi</strong></span> <span class='ocrx_word' id='word_1_70' title='bbox 988 1628 1200 1714; x_wconf 80' lang='lat' dir='ltr'><strong>rumpendium</strong></span> <span class='ocrx_word' id='word_1_71' title='bbox 1232 1633 1300 1714; x_wconf 75' lang='lat' dir='ltr'><strong>iore</strong></span> 
     </span>
     <span class='ocr_line' id='line_1_11' title="bbox 340 1756 1303 1844; baseline 0.004 -22"><span class='ocrx_word' id='word_1_72' title='bbox 340 1758 506 1841; x_wconf 75' lang='lat' dir='ltr'><strong>voraveris,</strong></span> <span class='ocrx_word' id='word_1_73' title='bbox 547 1757 695 1842; x_wconf 79' lang='lat' dir='ltr'>siquidem</span> <span class='ocrx_word' id='word_1_74' title='bbox 736 1756 982 1843; x_wconf 81' lang='lat' dir='ltr'><strong>oompeudiornm</strong></span> <span class='ocrx_word' id='word_1_75' title='bbox 1023 1766 1090 1840; x_wconf 84' lang='lat' dir='ltr'><strong>est,</strong></span> <span class='ocrx_word' id='word_1_76' title='bbox 1126 1761 1303 1844; x_wconf 63' lang='lat' dir='ltr'><strong>praeeipua-</strong></span> 
     </span>
     <span class='ocr_line' id='line_1_12' title="bbox 340 1886 1302 1970; baseline 0.003 -19"><span class='ocrx_word' id='word_1_77' title='bbox 340 1905 409 1956; x_wconf 88' lang='lat' dir='ltr'><strong>rum</strong></span> <span class='ocrx_word' id='word_1_78' title='bbox 447 1907 547 1954; x_wconf 88' lang='lat' dir='ltr'><strong>rorum</strong></span> <span class='ocrx_word' id='word_1_79' title='bbox 581 1888 820 1970; x_wconf 75' lang='lat' dir='ltr'>enarrationem,</span> <span class='ocrx_word' id='word_1_80' title='bbox 852 1887 1025 1954; x_wconf 84' lang='lat' dir='ltr'><strong>arotimibos</strong></span> <span class='ocrx_word' id='word_1_81' title='bbox 1063 1886 1155 1956; x_wconf 90' lang='lat' dir='ltr'><strong>modo</strong></span> <span class='ocrx_word' id='word_1_82' title='bbox 1193 1889 1302 1955; x_wconf 80' lang='lat' dir='ltr'><strong>finibus</strong></span> 
     </span>
     <span class='ocr_line' id='line_1_13' title="bbox 315 2013 1299 2102; baseline 0.005 -22"><span class='ocrx_word' id='word_1_83' title='bbox 315 2013 541 2102; x_wconf 62' lang='lat' dir='ltr'><strong>&#39;desumptam</strong></span> <span class='ocrx_word' id='word_1_84' title='bbox 574 2017 733 2084; x_wconf 81' lang='lat' dir='ltr'><strong>sentinare.</strong></span> <span class='ocrx_word' id='word_1_85' title='bbox 785 2017 849 2082; x_wconf 90' lang='lat' dir='ltr'><strong>llou</strong></span> <span class='ocrx_word' id='word_1_86' title='bbox 882 2019 964 2082; x_wconf 89' lang='lat' dir='ltr'><strong>anim</strong></span> <span class='ocrx_word' id='word_1_87' title='bbox 998 2017 1043 2082; x_wconf 81' lang='lat' dir='ltr'><strong>rel</strong></span> <span class='ocrx_word' id='word_1_88' title='bbox 1080 2019 1211 2084; x_wconf 80' lang='lat' dir='ltr'><strong>maximo</strong></span> <span class='ocrx_word' id='word_1_89' title='bbox 1245 2020 1299 2085; x_wconf 85' lang='lat' dir='ltr'><strong>sibi</strong></span> 
     </span>
     <span class='ocr_line' id='line_1_14' title="bbox 341 2145 1294 2233; baseline 0.001 -22"><span class='ocrx_word' id='word_1_90' title='bbox 341 2148 494 2233; x_wconf 84' lang='lat' dir='ltr'><strong>proprium</strong></span> <span class='ocrx_word' id='word_1_91' title='bbox 516 2147 662 2230; x_wconf 86' lang='lat' dir='ltr'><strong>habebat,</strong></span> <span class='ocrx_word' id='word_1_92' title='bbox 684 2145 783 2232; x_wconf 90' lang='lat' dir='ltr'><strong>quod,</strong></span> <span class='ocrx_word' id='word_1_93' title='bbox 805 2166 900 2231; x_wconf 93' lang='lat' dir='ltr'><strong>quum</strong></span> <span class='ocrx_word' id='word_1_94' title='bbox 921 2148 952 2210; x_wconf 94' lang='lat' dir='ltr'><strong>iu</strong></span> <span class='ocrx_word' id='word_1_95' title='bbox 969 2147 1294 2215; x_wconf 69' lang='lat' dir='ltr'><strong>mensunusum·</strong></span> 
     </span>
     <span class='ocr_line' id='line_1_15' title="bbox 237 2276 1287 2374; baseline 0 -32"><span class='ocrx_word' id='word_1_96' title='bbox 237 2301 241 2309; x_wconf 93' lang='lat'>·</span> <span class='ocrx_word' id='word_1_97' title='bbox 341 2277 417 2360; x_wconf 75' lang='lat' dir='ltr'><strong>gello</strong></span> <span class='ocrx_word' id='word_1_98' title='bbox 432 2276 471 2342; x_wconf 90' lang='lat' dir='ltr'><strong>ad</strong></span> <span class='ocrx_word' id='word_1_99' title='bbox 488 2278 612 2374; x_wconf 85' lang='lat' dir='ltr'><strong>uerbum</strong></span> <span class='ocrx_word' id='word_1_100' title='bbox 630 2277 691 2342; x_wconf 86' lang='lat' dir='ltr'><strong>lere</strong></span> <span class='ocrx_word' id='word_1_101' title='bbox 709 2284 899 2360; x_wconf 78' lang='lat' dir='ltr'><strong>consonaret,</strong></span> <span class='ocrx_word' id='word_1_102' title='bbox 921 2276 1031 2362; x_wconf 82' lang='lat' dir='ltr'><strong>passim</strong></span> <span class='ocrx_word' id='word_1_103' title='bbox 1049 2277 1165 2362; x_wconf 78' lang='lat' dir='ltr'><strong>aliquot</strong></span> <span class='ocrx_word' id='word_1_104' title='bbox 1183 2291 1287 2354; x_wconf 83' lang='lat' dir='ltr'><strong>rursus,</strong></span> 
     </span>
     <span class='ocr_line' id='line_1_16' title="bbox 341 2404 1161 2492; baseline 0.004 -21"><span class='ocrx_word' id='word_1_105' title='bbox 341 2405 466 2473; x_wconf 81' lang='lat' dir='ltr'>subinde</span> <span class='ocrx_word' id='word_1_106' title='bbox 489 2414 551 2474; x_wconf 81' lang='lat' dir='ltr'><strong>tota</strong></span> <span class='ocrx_word' id='word_1_107' title='bbox 575 2407 693 2492; x_wconf 81' lang='lat' dir='ltr'><strong>eapite,</strong></span> <span class='ocrx_word' id='word_1_108' title='bbox 714 2407 745 2471; x_wconf 94' lang='lat' dir='ltr'><strong>iu</strong></span> <span class='ocrx_word' id='word_1_109' title='bbox 767 2407 818 2473; x_wconf 90' lang='lat' dir='ltr'><strong>illu</strong></span> <span class='ocrx_word' id='word_1_110' title='bbox 840 2404 1082 2472; x_wconf 74' lang='lat' dir='ltr'><strong>desiderabantur</strong></span> <span class='ocrx_word' id='word_1_111' title='bbox 1107 2408 1161 2492; x_wconf 72' lang='grc'>(9).</span> 
     </span>
    </p>

    <p class='ocr_par' dir='ltr' id='par_1_5' title="bbox 339 2529 1303 3143">
     <span class='ocr_line' id='line_1_17' title="bbox 386 2529 1298 2619; baseline 0 -17"><span class='ocrx_word' id='word_1_112' title='bbox 386 2536 498 2618; x_wconf 81' lang='lat' dir='ltr'><strong>Quodsi</strong></span> <span class='ocrx_word' id='word_1_113' title='bbox 531 2537 625 2602; x_wconf 82' lang='lat' dir='ltr'><strong>tortio</strong></span> <span class='ocrx_word' id='word_1_114' title='bbox 659 2529 725 2601; x_wconf 81' lang='lat' dir='ltr'><strong>lor&#39;o</strong></span> <span class='ocrx_word' id='word_1_115' title='bbox 758 2537 946 2619; x_wconf 88' lang='lat' dir='ltr'><strong>quaerimus,</strong></span> <span class='ocrx_word' id='word_1_116' title='bbox 980 2536 1132 2602; x_wconf 89' lang='lat' dir='ltr'><strong>undenam</strong></span> <span class='ocrx_word' id='word_1_117' title='bbox 1165 2539 1298 2602; x_wconf 82' lang='lat' dir='ltr'><strong>intanta</strong></span> 
     </span>
     <span class='ocr_line' id='line_1_18' title="bbox 340 2664 1301 2760; baseline 0 -28"><span class='ocrx_word' id='word_1_118' title='bbox 340 2667 484 2732; x_wconf 89' lang='lat' dir='ltr'><strong>librorum</strong></span> <span class='ocrx_word' id='word_1_119' title='bbox 515 2664 707 2760; x_wconf 85' lang='lat' dir='ltr'><strong>similitudino</strong></span> <span class='ocrx_word' id='word_1_120' title='bbox 737 2664 884 2749; x_wconf 86' lang='lat' dir='ltr'><strong>ejusmodi</strong></span> <span class='ocrx_word' id='word_1_121' title='bbox 910 2665 1067 2732; x_wconf 78' lang='lat' dir='ltr'><strong>dissuimus</strong></span> <span class='ocrx_word' id='word_1_122' title='bbox 1090 2665 1301 2752; x_wconf 81' lang='lat' dir='ltr'><strong>explioandum</strong></span> 
     </span>
     <span class='ocr_line' id='line_1_19' title="bbox 340 2794 1303 2878; baseline 0.002 -18"><span class='ocrx_word' id='word_1_123' title='bbox 340 2797 397 2878; x_wconf 87' lang='lat' dir='ltr'><strong>sit,</strong></span> <span class='ocrx_word' id='word_1_124' title='bbox 426 2795 464 2860; x_wconf 87' lang='lat' dir='ltr'><strong>ab</strong></span> <span class='ocrx_word' id='word_1_125' title='bbox 492 2795 720 2878; x_wconf 81' lang='lat' dir='ltr'><strong>antiquissimis,</strong></span> <span class='ocrx_word' id='word_1_126' title='bbox 741 2794 889 2878; x_wconf 89' lang='lat' dir='ltr'><strong>simulque</strong></span> <span class='ocrx_word' id='word_1_127' title='bbox 909 2797 1084 2878; x_wconf 74' lang='lat' dir='ltr'><strong>grauissimis</strong></span> <span class='ocrx_word' id='word_1_128' title='bbox 1107 2799 1232 2863; x_wconf 87' lang='lat' dir='ltr'><strong>testibus</strong></span> <span class='ocrx_word' id='word_1_129' title='bbox 1259 2815 1303 2862; x_wconf 83' lang='lat' dir='ltr'><strong>re-</strong></span> 
     </span>
     <span class='ocr_line' id='line_1_20' title="bbox 339 2924 1298 3010; baseline 0 -18"><span class='ocrx_word' id='word_1_130' title='bbox 339 2924 502 3010; x_wconf 85' lang='lat' dir='ltr'><strong>spondetur</strong></span> <span class='ocrx_word' id='word_1_131' title='bbox 534 2925 637 3003; x_wconf 89' lang='lat' dir='ltr'><strong>uobis,</strong></span> <span class='ocrx_word' id='word_1_132' title='bbox 671 2924 852 2990; x_wconf 82' lang='lat' dir='ltr'><strong>ldaroionom</strong></span> <span class='ocrx_word' id='word_1_133' title='bbox 884 2924 916 2990; x_wconf 90' lang='lat' dir='ltr'><strong>id</strong></span> <span class='ocrx_word' id='word_1_134' title='bbox 948 2925 1030 3009; x_wconf 92' lang='lat' dir='ltr'><strong>quod</strong></span> <span class='ocrx_word' id='word_1_135' title='bbox 1063 2934 1107 2990; x_wconf 87' lang='lat' dir='ltr'><strong>est</strong></span> <span class='ocrx_word' id='word_1_136' title='bbox 1132 2926 1298 2994; x_wconf 83' lang='lat' dir='ltr'><strong>seeundum</strong></span> 
     </span>
     <span class='ocr_line' id='line_1_21' title="bbox 339 3053 1300 3143; baseline 0.001 -21"><span class='ocrx_word' id='word_1_137' title='bbox 339 3056 451 3122; x_wconf 81' lang='lat' dir='ltr'><strong>Looam</strong></span> <span class='ocrx_word' id='word_1_138' title='bbox 468 3054 665 3138; x_wconf 77' lang='lat' dir='ltr'><strong>Euangelium</strong></span> <span class='ocrx_word' id='word_1_139' title='bbox 685 3082 700 3112; x_wconf 73' lang='lat' dir='ltr'>n</span> <span class='ocrx_word' id='word_1_140' title='bbox 712 3053 946 3120; x_wconf 85' lang='lat' dir='ltr'><strong>oiroumoidisse&#39;’</strong></span> <span class='ocrx_word' id='word_1_141' title='bbox 966 3075 989 3121; x_wconf 91' lang='lat' dir='ltr'><strong>s.</strong></span> <span class='ocrx_word' id='word_1_142' title='bbox 1009 3083 1024 3113; x_wconf 74' lang='lat' dir='ltr'><strong>s</strong></span> <span class='ocrx_word' id='word_1_143' title='bbox 1036 3053 1220 3122; x_wconf 72' lang='lat' dir='ltr'><strong>decurtasse&#39;</strong></span> <span class='ocrx_word' id='word_1_144' title='bbox 1242 3057 1300 3143; x_wconf 78' lang='grc'>(5);</span> 
     </span>
    </p>
   </div>
   <div class='ocr_carea' id='block_1_5' title="bbox 341 3207 527 3225">
    <p class='ocr_par' dir='ltr' id='par_1_6' title="bbox 341 3207 527 3225">
     <span class='ocr_line' id='line_1_22' title="bbox 341 3207 527 3225; baseline -0.005 -3"><span class='ocrx_word' id='word_1_145' title='bbox 341 3207 527 3225; x_wconf 57' lang='lat' dir='ltr'><strong>m</strong></span> 
     </span>
    </p>
   </div>
   <div class='ocr_carea' id='block_1_6' title="bbox 327 3272 1302 4335">
    <p class='ocr_par' dir='ltr' id='par_1_7' title="bbox 327 3272 1302 3690">
     <span class='ocr_line' id='line_1_23' title="bbox 340 3272 1301 3346; baseline 0.004 -18"><span class='ocrx_word' id='word_1_146' title='bbox 340 3285 421 3330; x_wconf 89' lang='lat' dir='ltr'><strong>tum.”</strong></span> <span class='ocrx_word' id='word_1_147' title='bbox 454 3282 489 3331; x_wconf 74' lang='lat' dir='ltr'><strong>Cf.</strong></span> <span class='ocrx_word' id='word_1_148' title='bbox 517 3272 615 3342; x_wconf 81' lang='lat' dir='ltr'><strong>llshn,</strong></span> <span class='ocrx_word' id='word_1_149' title='bbox 639 3280 657 3330; x_wconf 93' lang='lat' dir='ltr'><strong>l.</strong></span> <span class='ocrx_word' id='word_1_150' title='bbox 678 3279 697 3330; x_wconf 90' lang='lat' dir='ltr'><strong>l.</strong></span> <span class='ocrx_word' id='word_1_151' title='bbox 720 3296 745 3346; x_wconf 88' lang='lat' dir='ltr'><strong>p.</strong></span> <span class='ocrx_word' id='word_1_152' title='bbox 770 3280 819 3330; x_wconf 86' lang='lat'><strong>105</strong></span> <span class='ocrx_word' id='word_1_153' title='bbox 841 3295 896 3346; x_wconf 85' lang='lat' dir='ltr'><strong>sqq.</strong></span> <span class='ocrx_word' id='word_1_154' title='bbox 922 3279 971 3329; x_wconf 77' lang='lat'><strong>114</strong></span> <span class='ocrx_word' id='word_1_155' title='bbox 993 3296 1049 3346; x_wconf 86' lang='lat' dir='ltr'><strong>sqq.</strong></span> <span class='ocrx_word' id='word_1_156' title='bbox 1081 3277 1224 3332; x_wconf 85' lang='lat' dir='ltr'><strong>llitsohl.</strong></span> <span class='ocrx_word' id='word_1_157' title='bbox 1250 3283 1269 3335; x_wconf 87' lang='lat' dir='ltr'><strong>l.</strong></span> <span class='ocrx_word' id='word_1_158' title='bbox 1284 3283 1301 3332; x_wconf 89' lang='lat' dir='ltr'><strong>l.</strong></span> 
     </span>
     <span class='ocr_line' id='line_1_24' title="bbox 327 3361 1300 3433; baseline 0.001 -19"><span class='ocrx_word' id='word_1_159' title='bbox 327 3381 365 3430; x_wconf 70' lang='lat' dir='ltr'><strong>qr.</strong></span> <span class='ocrx_word' id='word_1_160' title='bbox 389 3364 423 3414; x_wconf 88' lang='grc'><strong>17</strong></span> <span class='ocrx_word' id='word_1_161' title='bbox 446 3381 483 3429; x_wconf 84' lang='lat' dir='ltr'><strong>sq.</strong></span> <span class='ocrx_word' id='word_1_162' title='bbox 515 3373 542 3414; x_wconf 87' lang='lat' dir='ltr'><strong>et</strong></span> <span class='ocrx_word' id='word_1_163' title='bbox 572 3381 636 3430; x_wconf 84' lang='lat' dir='ltr'><strong>quae</strong></span> <span class='ocrx_word' id='word_1_164' title='bbox 659 3366 690 3416; x_wconf 90' lang='lat' dir='ltr'><strong>de</strong></span> <span class='ocrx_word' id='word_1_165' title='bbox 711 3367 838 3417; x_wconf 74' lang='lat' dir='ltr'><strong>Marcionis</strong></span> <span class='ocrx_word' id='word_1_166' title='bbox 865 3361 1036 3416; x_wconf 81' lang='lat' dir='ltr'><strong>Antithesibus</strong></span> <span class='ocrx_word' id='word_1_167' title='bbox 1064 3365 1138 3416; x_wconf 84' lang='lat' dir='ltr'><strong>doale</strong></span> <span class='ocrx_word' id='word_1_168' title='bbox 1165 3366 1300 3433; x_wconf 85' lang='lat' dir='ltr'><strong>disputarit</strong></span> 
     </span>
     <span class='ocr_line' id='line_1_25' title="bbox 339 3447 1301 3519; baseline 0 -17"><span class='ocrx_word' id='word_1_169' title='bbox 339 3447 465 3512; x_wconf 81' lang='lat' dir='ltr'><strong>Rhode,</strong></span> <span class='ocrx_word' id='word_1_170' title='bbox 489 3449 506 3500; x_wconf 89' lang='lat' dir='ltr'><strong>l.</strong></span> <span class='ocrx_word' id='word_1_171' title='bbox 530 3449 548 3500; x_wconf 92' lang='lat' dir='ltr'><strong>l.</strong></span> <span class='ocrx_word' id='word_1_172' title='bbox 567 3464 599 3515; x_wconf 67' lang='grc' dir='ltr'><strong>ρ.</strong></span> <span class='ocrx_word' id='word_1_173' title='bbox 621 3449 638 3500; x_wconf 77' lang='lat'><strong>7</strong></span> <span class='ocrx_word' id='word_1_174' title='bbox 662 3467 717 3516; x_wconf 82' lang='lat' dir='ltr'><strong>sqq.</strong></span> <span class='ocrx_word' id='word_1_175' title='bbox 734 3475 764 3488; x_wconf 90' lang='lat'><em>-</em></span> <span class='ocrx_word' id='word_1_176' title='bbox 781 3453 867 3518; x_wconf 87' lang='lat' dir='ltr'><strong>lleque</strong></span> <span class='ocrx_word' id='word_1_177' title='bbox 889 3453 962 3502; x_wconf 82' lang='lat' dir='ltr'><strong>etium</strong></span> <span class='ocrx_word' id='word_1_178' title='bbox 983 3453 1147 3504; x_wconf 78' lang='lat' dir='ltr'><strong>emittendum</strong></span> <span class='ocrx_word' id='word_1_179' title='bbox 1163 3457 1214 3515; x_wconf 83' lang='lat' dir='ltr'><strong>est,</strong></span> <span class='ocrx_word' id='word_1_180' title='bbox 1231 3454 1301 3519; x_wconf 85' lang='lat' dir='ltr'><strong>quod</strong></span> 
     </span>
     <span class='ocr_line' id='line_1_26' title="bbox 340 3535 1302 3604; baseline 0.003 -17"><span class='ocrx_word' id='word_1_181' title='bbox 340 3557 363 3589; x_wconf 87' lang='lat' dir='ltr'><strong>v.</strong></span> <span class='ocrx_word' id='word_1_182' title='bbox 380 3555 404 3588; x_wconf 83' lang='lat' dir='ltr'><strong>c.</strong></span> <span class='ocrx_word' id='word_1_183' title='bbox 421 3535 554 3585; x_wconf 81' lang='lat' dir='ltr'><strong>Tertull.</strong></span> <span class='ocrx_word' id='word_1_184' title='bbox 575 3542 671 3598; x_wconf 84' lang='lat' dir='ltr'><strong>monet,</strong></span> <span class='ocrx_word' id='word_1_185' title='bbox 698 3539 860 3601; x_wconf 78' lang='lat' dir='ltr'><strong>Euangelium</strong></span> <span class='ocrx_word' id='word_1_186' title='bbox 883 3538 1009 3588; x_wconf 73' lang='lat' dir='ltr'><strong>Huroionia</strong></span> <span class='ocrx_word' id='word_1_187' title='bbox 1029 3538 1167 3604; x_wconf 77' lang='lat' dir='ltr'><strong>peculiares</strong></span> <span class='ocrx_word' id='word_1_188' title='bbox 1186 3555 1243 3589; x_wconf 82' lang='lat' dir='ltr'><strong>suus</strong></span> <span class='ocrx_word' id='word_1_189' title='bbox 1260 3541 1302 3590; x_wconf 87' lang='lat' dir='ltr'><strong>hs·</strong></span> 
     </span>
     <span class='ocr_line' id='line_1_27' title="bbox 339 3620 1008 3690; baseline 0.004 -17"><span class='ocrx_word' id='word_1_190' title='bbox 339 3626 421 3674; x_wconf 86' lang='lat' dir='ltr'><strong>buisse</strong></span> <span class='ocrx_word' id='word_1_191' title='bbox 438 3623 553 3671; x_wconf 83' lang='lat' dir='ltr'><strong>eeclesias</strong></span> <span class='ocrx_word' id='word_1_192' title='bbox 569 3621 633 3689; x_wconf 80' lang='lat' dir='ltr'><strong>(adr.</strong></span> <span class='ocrx_word' id='word_1_193' title='bbox 649 3625 680 3674; x_wconf 86' lang='lat' dir='ltr'><strong>ll.</strong></span> <span class='ocrx_word' id='word_1_194' title='bbox 697 3625 740 3676; x_wconf 85' lang='lat' dir='ltr'><strong>IV.</strong></span> <span class='ocrx_word' id='word_1_195' title='bbox 756 3623 791 3690; x_wconf 81' lang='lat'><strong>5).</strong></span> <span class='ocrx_word' id='word_1_196' title='bbox 1005 3620 1008 3625; x_wconf 69' lang='grc'><strong>’</strong></span> 
     </span>
    </p>

    <p class='ocr_par' dir='ltr' id='par_1_8' title="bbox 372 3706 808 3778">
     <span class='ocr_line' id='line_1_28' title="bbox 372 3706 808 3778; baseline 0.005 -18"><span class='ocrx_word' id='word_1_197' title='bbox 372 3711 407 3778; x_wconf 76' lang='grc'><strong>(1)</strong></span> <span class='ocrx_word' id='word_1_198' title='bbox 425 3706 620 3772; x_wconf 77' lang='lat' dir='ltr'><strong>Olabousen,</strong></span> <span class='ocrx_word' id='word_1_199' title='bbox 637 3711 655 3760; x_wconf 91' lang='lat' dir='ltr'><strong>l.</strong></span> <span class='ocrx_word' id='word_1_200' title='bbox 672 3710 690 3759; x_wconf 93' lang='lat' dir='ltr'><strong>l.</strong></span> <span class='ocrx_word' id='word_1_201' title='bbox 707 3726 733 3776; x_wconf 88' lang='lat' dir='ltr'><strong>p.</strong></span> <span class='ocrx_word' id='word_1_202' title='bbox 751 3710 808 3762; x_wconf 81' lang='lat'><strong>190.</strong></span> 
     </span>
    </p>

    <p class='ocr_par' dir='ltr' id='par_1_9' title="bbox 335 3796 1301 4248">
     <span class='ocr_line' id='line_1_29' title="bbox 371 3796 1301 3867; baseline 0.004 -22"><span class='ocrx_word' id='word_1_203' title='bbox 371 3796 406 3862; x_wconf 74' lang='lat'><strong>(2)</strong></span> <span class='ocrx_word' id='word_1_204' title='bbox 423 3797 520 3862; x_wconf 82' lang='lat' dir='ltr'><strong>Optime</strong></span> <span class='ocrx_word' id='word_1_205' title='bbox 536 3797 693 3858; x_wconf 75' lang='lat' dir='ltr'><strong>cognoscitur</strong></span> <span class='ocrx_word' id='word_1_206' title='bbox 708 3797 834 3860; x_wconf 77' lang='lat' dir='ltr'><strong>Euangelii</strong></span> <span class='ocrx_word' id='word_1_207' title='bbox 847 3797 1006 3846; x_wconf 77' lang='lat' dir='ltr'><strong>Muroiouilioi</strong></span> <span class='ocrx_word' id='word_1_208' title='bbox 1019 3797 1096 3848; x_wconf 80' lang='lat' dir='ltr'><strong>torma</strong></span> <span class='ocrx_word' id='word_1_209' title='bbox 1109 3814 1139 3848; x_wconf 83' lang='lat' dir='ltr'><strong>ex</strong></span> <span class='ocrx_word' id='word_1_210' title='bbox 1152 3799 1220 3850; x_wconf 81' lang='lat' dir='ltr'><strong>hisee</strong></span> <span class='ocrx_word' id='word_1_211' title='bbox 1234 3801 1301 3867; x_wconf 78' lang='lat' dir='ltr'><strong>upi-</strong></span> 
     </span>
     <span class='ocr_line' id='line_1_30' title="bbox 339 3880 1301 3965; baseline 0.003 -28"><span class='ocrx_word' id='word_1_212' title='bbox 339 3887 449 3956; x_wconf 84' lang='lat' dir='ltr'><strong>plranii</strong></span> <span class='ocrx_word' id='word_1_213' title='bbox 473 3890 551 3937; x_wconf 74' lang='lat' dir='ltr'><strong>verbis</strong></span> <span class='ocrx_word' id='word_1_214' title='bbox 575 3886 628 3953; x_wconf 78' lang='lat' dir='ltr'><strong>(Ed.</strong></span> <span class='ocrx_word' id='word_1_215' title='bbox 653 3890 734 3938; x_wconf 75' lang='lat' dir='ltr'><strong>Peras.</strong></span> <span class='ocrx_word' id='word_1_216' title='bbox 760 3890 786 3938; x_wconf 88' lang='grc' dir='ltr'><strong>Τ.</strong></span> <span class='ocrx_word' id='word_1_217' title='bbox 809 3891 829 3940; x_wconf 93' lang='lat' dir='ltr'><strong>I.</strong></span> <span class='ocrx_word' id='word_1_218' title='bbox 850 3906 875 3956; x_wconf 88' lang='lat' dir='ltr'><strong>p.</strong></span> <span class='ocrx_word' id='word_1_219' title='bbox 894 3888 996 3956; x_wconf 74' lang='grc' dir='ltr'>311)εὸ</span> <span class='ocrx_word' id='word_1_220' title='bbox 1020 3880 1066 3960; x_wconf 55' lang='grc' dir='ltr'><strong>μὴ</strong></span> <span class='ocrx_word' id='word_1_221' title='bbox 1095 3883 1147 3964; x_wconf 57' lang='lat' dir='ltr'><strong>eyia?</strong></span> <span class='ocrx_word' id='word_1_222' title='bbox 1168 3886 1301 3965; x_wconf 42' lang='lat' dir='ltr'><strong>mm*</strong></span> 
     </span>
     <span class='ocr_line' id='line_1_31' title="bbox 338 3971 1299 4052; baseline 0.007 -20"><span class='ocrx_word' id='word_1_223' title='bbox 338 3987 423 4052; x_wconf 67' lang='lat' dir='ltr'><strong>(liujus</strong></span> <span class='ocrx_word' id='word_1_224' title='bbox 440 3982 505 4049; x_wconf 80' lang='lat' dir='ltr'><strong>libri)</strong></span> <span class='ocrx_word' id='word_1_225' title='bbox 529 3982 575 4038; x_wconf 61' lang='lat' dir='ltr'><strong>nd</strong></span> <span class='ocrx_word' id='word_1_226' title='bbox 598 3971 671 4038; x_wconf 50' lang='lat' dir='ltr'><strong>aaa&amp;</strong></span> <span class='ocrx_word' id='word_1_227' title='bbox 697 3979 797 4038; x_wconf 64' lang='lat' dir='ltr'><strong>sustu</strong></span> <span class='ocrx_word' id='word_1_228' title='bbox 824 3979 944 4052; x_wconf 69' lang='lat' dir='ltr'><strong>osrem&#39;m</strong></span> <span class='ocrx_word' id='word_1_229' title='bbox 967 3974 996 4038; x_wconf 74' lang='lat' dir='ltr'><strong>si</strong></span> <span class='ocrx_word' id='word_1_230' title='bbox 1029 3975 1201 4049; x_wconf 71' lang='lat' dir='ltr'><strong>Eriaews‘m.</strong></span> <span class='ocrx_word' id='word_1_231' title='bbox 1222 3973 1299 4048; x_wconf 62' lang='lat' dir='ltr'><strong>loll</strong></span> 
     </span>
     <span class='ocr_line' id='line_1_32' title="bbox 336 4061 1298 4151; baseline 0.004 -18"><span class='ocrx_word' id='word_1_232' title='bbox 336 4071 554 4151; x_wconf 62' lang='lat' dir='ltr'><strong>deposuissem,</strong></span> <span class='ocrx_word' id='word_1_233' title='bbox 592 4065 659 4144; x_wconf 66' lang='lat' dir='ltr'><strong>feias</strong></span> <span class='ocrx_word' id='word_1_234' title='bbox 689 4063 767 4147; x_wconf 57' lang='grc' dir='ltr'><strong>ἱρήν</strong></span> <span class='ocrx_word' id='word_1_235' title='bbox 793 4061 868 4145; x_wconf 65' lang='grc' dir='ltr'><strong>ἵκω,</strong></span> <span class='ocrx_word' id='word_1_236' title='bbox 903 4066 971 4144; x_wconf 68' lang='lat' dir='ltr'><strong>nin</strong></span> <span class='ocrx_word' id='word_1_237' title='bbox 993 4065 1103 4145; x_wconf 56' lang='lat' dir='ltr'><strong>rodco„</strong></span> <span class='ocrx_word' id='word_1_238' title='bbox 1115 4069 1183 4144; x_wconf 67' lang='lat' dir='ltr'><strong>fuiss</strong></span> <span class='ocrx_word' id='word_1_239' title='bbox 1207 4072 1298 4138; x_wconf 68' lang='lat' dir='ltr'><strong>aim»</strong></span> 
     </span>
     <span class='ocr_line' id='line_1_33' title="bbox 335 4157 1240 4248; baseline 0.008 -29"><span class='ocrx_word' id='word_1_240' title='bbox 335 4163 446 4244; x_wconf 52' lang='lat' dir='ltr'><strong>aptatas</strong></span> <span class='ocrx_word' id='word_1_241' title='bbox 462 4157 618 4240; x_wconf 68' lang='grc' dir='ltr'><strong>βιρμμέιω</strong></span> <span class='ocrx_word' id='word_1_242' title='bbox 632 4158 676 4220; x_wconf 76' lang='lat' dir='ltr'><strong>tri</strong></span> <span class='ocrx_word' id='word_1_243' title='bbox 692 4163 793 4220; x_wconf 61' lang='lat' dir='ltr'><strong>sonem</strong></span> <span class='ocrx_word' id='word_1_244' title='bbox 808 4163 891 4248; x_wconf 56' lang='lat' dir='ltr'><strong>cordo</strong></span> <span class='ocrx_word' id='word_1_245' title='bbox 903 4157 987 4239; x_wconf 59' lang='lat' dir='ltr'><strong>trino</strong></span> <span class='ocrx_word' id='word_1_246' title='bbox 1011 4161 1051 4224; x_wconf 74' lang='lat' dir='ltr'><strong>sl·</strong></span> <span class='ocrx_word' id='word_1_247' title='bbox 1066 4159 1158 4244; x_wconf 63' lang='lat' dir='ltr'><strong>qino.</strong></span> <span class='ocrx_word' id='word_1_248' title='bbox 1237 4217 1240 4226; x_wconf 90' lang='grc'><strong>.</strong></span> 
     </span>
    </p>

    <p class='ocr_par' dir='ltr' id='par_1_10' title="bbox 369 4258 854 4335">
     <span class='ocr_line' id='line_1_34' title="bbox 369 4258 854 4335; baseline -0.006 -16"><span class='ocrx_word' id='word_1_249' title='bbox 369 4266 404 4335; x_wconf 69' lang='grc'><strong>(3)</strong></span> <span class='ocrx_word' id='word_1_250' title='bbox 420 4267 575 4318; x_wconf 81' lang='lat' dir='ltr'><strong>irenaeus</strong></span> <span class='ocrx_word' id='word_1_251' title='bbox 589 4265 645 4316; x_wconf 72' lang='lat' dir='ltr'><strong>odd.</strong></span> <span class='ocrx_word' id='word_1_252' title='bbox 661 4258 731 4316; x_wconf 78' lang='lat' dir='ltr'><strong>haer.¹</strong></span> <span class='ocrx_word' id='word_1_253' title='bbox 745 4265 767 4318; x_wconf 83' lang='lat'><strong>1.</strong></span> <span class='ocrx_word' id='word_1_254' title='bbox 782 4262 825 4318; x_wconf 81' lang='lat'><strong>27.</strong></span> <span class='ocrx_word' id='word_1_255' title='bbox 851 4325 854 4332; x_wconf 34' lang='grc' dir='ltr'>Ι</span> 
     </span>
    </p>
   </div>
   <div class='ocr_carea' id='block_1_7' title="bbox 0 0 1410 4992">
    <p class='ocr_par' dir='ltr' id='par_1_11' title="bbox 0 0 1410 4992">
     <span class='ocr_line' id='line_1_35' title="bbox 0 0 1410 4992; baseline 0 0"><span class='ocrx_word' id='word_1_256' title='bbox 0 0 1410 4992; x_wconf 95' lang='lat' dir='ltr'><strong> </strong></span> 
     </span>
    </p>
   </div>
  </div>
 </body>
</html>
