2878 4994
740 417 918 480 -196-

351 619 411 680 ese'e
424 616 584 682 ·eontendit
593 617 612 698 ‚'
626 615 694 700 quia
709 617 783 682 baec
799 615 972 692 lacunarum
985 618 1017 682 iu
1029 617 1185 684 Marcionis
1207 613 1306 684 Euan·

350 747 426 828 gello
449 747 674 832 conspicnarum
690 748 834 830 originem
861 749 1007 833 explicare
1030 767 1090 814 noa
1115 748 1229 832 valeat,
1251 743 1320 834 ipee³

348 895 415 943 rere
432 879 632 962 conjecturum
656 875 992 962 commendarit,'qu'ae
1016 877 1110 964 aeque
1136 879 1238 945 miuus
1261 877 1311 944 tali

347 1006 506 1092 respondet
528 1009 687 1092 proposito.
740 1007 813 1073 liam
838 1006 875 1073 ad
898 1008 1029 1093 plurium
1053 1007 1185 1074 locorum
1208 1011 1313 1074 abecu-

347 1139 420 1203 tiam
453 1137 658 1222 explicandam
677 1137 771 1224 'plane
794 1133 854 1204 don
879 1138 1038 1221 mfflcere‚·
1063 1157 1100 1204 ex
1134 1140 1228 1225 ipsius
1262 1157 1312 1206 ore

348 1267 523 1334 audirimus.
566 1267 669 1358 Neque
701 1269 792 1332 etiam
826 1268 1034 1372 omittendum!
1062 1266 1124 1351 est,
1158 1277 1318 1336 contextae

346 1416 416 1462 sane
434 1399 554 1465 'ratione
583 1416 701 1484 prorsus
727 1397 786 1463 non
812 1398 955 1486 intelligi,
979 1395 1032 1462 cu'r
1055 1399 1208 1483 Euangelii
1244 1409 1318 1466 torn

345 1525 499 1594 exordium
519 1549 522 1584 :
541 1526 625 1614 (Gap.
663 1529 768 1594 l-lv.
794 1527 866 1613 lli),
901 1548 971 1593 cum
1005 1523 1072 1594 'linis
1106 1549 1121 1594 a
1159 1531 1311 1597 Marcione

347 1658 510 1723 non'lecta
530 1660 589 1722 sint
622 1660 674 1742 (l).
720 1657 818 1738 Quid,
854 1657 935 1744 quod
966 1661 1030 1745 ipse
1064 1660 1311 1726 Bantiusin-

346 1788 423 1852 latias
447 1789 489 1852 ire
513 1791 633 1874 nequit,
667 1787 765 1874 primo
800 1789 904 1854 saltem
927 1790 1059 1856 vobtuitu
1092 1794 1308 1858 enarrationem

347 1918 385 1982 ab
416 1919 583 2005 iis,¹quae
609 1920 659 1984 lv.
685 1915 919 2002 dbbabentnr',
952 1915 1078 1986 exordiri
1104 1922 1186 1988 nullo
1217 1921 1316 1988 modo?

347 2047 575 2134 posses-rideri,
608 2049 741 2135 adeoque
774 2051 904 2136 speciem
942 2053 1048 2116 istam»
1069 2051 1214 2117 odiosam
1237 2069 1313 2136 spe·¹

349 2180 433 2245 ciosie
466 2177 648 2262 argumentis
680 2181 854 2265 prodigere,
888 2183 1098 2265 veritatemque
1125 2180 1310 2244 brosetae-v

348 2311 465 2374 lionae
487 2311 672 2394 coniecturae
690 2312 890 2396 qualicunque
909 2311 1030 2376 tandem
1042 2309 1129 2376 modo
1140 2305 1301 2388 vindicare,

348 2440 565 2525 relimprimis
588 2459 706 2506 neeesse
728 2443 831 2506 babuit
853 2439 918 2525 (ill
962 2441 1085 2507 Accedit
1107 2439 1201 2504 teatio
1224 2438 1314 2509 loco,⁴

349 2569 430 2653 quod
451 2571 490 2632 in.
506 2569 749 2654 praecedentibus
784 2568 930 2648 vidimus,
961 2571 1046 2652 plura
1078 2571 1214 2649 obstare,
1237 2568 1308 2650 quia

349 2697 561 2764 llitsebelii
587 2695 624 2760 de
651 2715 750 2760 rerum
773 2694 876 2760 ordine
898 2697 1016 2759 turbato
1037 2698 1216 2762 sententiam
1230 2715 1316 2762 uos-¹
1409 2661 1410 2712 ἶ

350 2839 427 2894 tram
461 2829 611 2898 iaciamus.
633 2874 637 2882 .
656 2791 730 2890 ores
762 2833 878 2890 tautum
905 2833 973 2890 eunt
999 2824 1074 2906 loci,
1097 2841 1173 2910 quos
1194 2819 1308 2924 silentio

350 2960 583 3045 praetermittere
617 2955 796 3038 maluimus,
828 2953 920 3041 quam
938 2954 1180 3038 difficultatibus,
1202 2947 1313 3041 quibus¹

351 3100 525 3176 premantur
533 3099 546 3171 ‚¹
554 3087 739 3154 removendis
759 3105 881 3173 operam
903 3095 993 3170 atque
1014 3085 1110 3152 oleam
1122 3086 1306 3171 impendere:

351 3221 417 3285 Vll.
451 3219 598 3301 eor-om
633 3219 669 3282 ll.
707 3218 833 3282 tn-tb
868 3225 897 3282 et
931 3216 1025 3281 Xllll.
1060 3215 1198 3280 ott-ee.
1252 3215 1307 3278 litei

352 3352 472 3416 tortasse
505 3351 604 3431 negari
638 3367 698 3413 non
732 3343 841 3432 poenit,
875 3348 1014 3410 orationis
1041 3346 1147 3412 seriem
1173 3347 1220 3410 bie
1241 3345 1308 3412 locis

353 3484 453 3546 minus
478 3489 567 3546 reete*
580 3478 758 3564 procedere,
780 3478 932 3563 pauciores
954 3483 1054 3540 tamen
1076 3484 1145 3540 sunt
1168 3493 1312 3555 nomeroq
1408 3483 1409 3508 ¹

354 3630 444 3696 quam
478 3618 511 3674 ut
536 3611 572 3673 iis
592 3641 633 3654 -
655 3626 715 3672 non
739 3605 806 3672 dieo
824 3603 1017 3671 offendamur
1041 3640 1077 3654 -
1102 3605 1155 3670 eed
1172 3606 1217 3671 ad
1241 3624 1309 3672 coa-

350 3746 516 3824 jecturam‚
538 3757 615 3823 quae
638 3747 734 3804 totum
755 3734 1011 3817 Euangelinm'ab
1030 3735 1150 3802 exordio
1173 3737 1245 3800 inde
1273 3733 1309 3799 ad
1407 3773 1408 3788 η

353 3871 465 3936 exitum
500 3876 631 3955 spectat,
664 3863 902 3949 amplectandam
938 3883 992 3930 nos
1015 3865 1125 3931 moveri
1154 3868 1305 3952 patiamur.

344 4023 551 4040 m

386 4113 421 4181 (1)
437 4113 472 4164 lle
488 4117 519 4166 de
535 4117 589 4166 aliie
603 4115 666 4165 loeio
678 4129 746 4164 nunc
761 4115 886 4177 dicamne,
903 4129 983 4180 quoe,
1000 4113 1078 4164 inrito
1093 4112 1303 4168 llileebelio,

352 4200 510 4270 probabiliter
525 4201 550 4249 iu
567 4201 656 4251 Codice
671 4201 798 4251 liureiorain
814 4217 863 4250 nou
876 4198 1012 4260 cratitione,
1030 4213 1103 4261 cupra
1119 4199 1294 4248 ccumndimua.

388 4285 423 4354 p)
439 4285 456 4335 ι.
474 4286 490 4335 r.
505 4303 529 4351 p.
546 4284 595 4335 roc
609 4301 664 4349 »qq
