2864 4996
759 335 918 396 „32-

357 531 464 598 ttttttt.
488 529 530 592 dd
555 529 660 594 rerba:
683 535 930 625 διαμεριζόμενοι
952 541 985 608 ii
1009 565 1053 610 ea
1071 544 1190 624 indata
1213 549 1327 616 αὐτοῦ

357 670 476 750 ἔβαλον
500 669 639 750 κλήρους·
669 671 782 752 quippe
812 689 889 752 quae
911 703 952 714 -
978 678 1012 735 ut
1040 671 1333 740 Tertullianus

357 795 413 861 tert
433 835 474 848 -
495 797 636 862 Marcioni
658 805 814 881 propteroa
847 795 1063 881 displicebant,
1096 797 1178 880 quod
1205 799 1326 864 Psalmi

356 927 541 1011 prophetiam
560 926 815 1010 respicerent(t);
836 925 907 990 ibid.
924 945 962 992 ss.
988 926 1030 988 dd
1051 927 1159 991 rerba:
1184 932 1331 1017 sinopes

354 1064 432 1143 μετ’
448 1064 525 1143 ἐμοῦ
542 1059 598 1144 ἔσῃ
613 1061 646 1126 ἐν
665 1085 707 1143 ap
722 1059 918 1144 sauciatae,
939 1074 1017 1138 quae
1040 1055 1171 1121 Paradisi
1192 1079 1331 1146 exspere

355 1186 427 1251 tatio
453 1184 492 1249 ad
518 1186 720 1252 Judaistarum
743 1206 854 1252 errores
878 1190 1024 1271 pertinere
1050 1189 1173 1256 Pontion
1201 1191 1332 1256 uideba-

356 1325 404 1380 tur
426 1315 492 1399 (2);
513 1315 583 1380 ibid.
608 1315 758 1398 tt-tt‚
783 1317 835 1381 ubi
863 1337 922 1382 non
947 1325 1064 1384 tantum
1086 1327 1222 1402 isonat
1245 1322 1328 1390 Jesu

356 1459 627 1516 commemorantur
660 1450 747 1534 (quos
775 1450 942 1516 secundum
971 1450 1154 1518 Marcionem
1181 1473 1240 1520 nou
1268 1455 1330 1518 ha-

356 1578 514 1660 buit)‚scd
528 1580 612 1644 rerba
631 1582 720 1645 ctiam
733 1582 859 1646 citantur
871 1579 1073 1646 Centuriouis:
1097 1585 1192 1664 dam
1215 1589 1230 1656 a
1255 1587 1328 1654 ἅμ.

357 1721 506 1800 dpuuoc
527 1717 616 1792 advoc
641 1718 758 1794 δίκαιος
782 1713 828 1794 ἦν·
853 1713 916 1799 (5);
939 1713 1044 1778 xtttv.
1063 1714 1106 1778 25
1130 1716 1237 1798 uerba,
1251 1718 1328 1798 qui-

356 1848 412 1912 bus
441 1845 513 1913 Josu
545 1846 584 1911 ad
613 1849 826 1932 prophetarum
857 1847 1062 1910 testimonium
1092 1853 1230 1930 prouocat
1251 1843 1325 1928 (ὓς

355 1975 428 2043 ibid.
445 1995 461 2040 a
481 1997 522 2041 us.
544 1977 587 2041 dd
611 1995 705 2058 usque
720 1976 758 2040 ad
781 1977 872 2040 tinem
887 1976 977 2058 libri,
1000 1975 1118 2057 muita,
1140 1993 1217 2058 quae
1233 1975 1317 2040 Mar·

355 2107 447 2170 cionis
468 2107 618 2188 systemati
635 2105 836 2187 cnrntologtco
858 2105 978 2170 aduersu
1001 2113 1086 2168 erant
1110 2104 1174 2189 (d),
1187 2137 1229 2150 --
1246 2106 1316 2190 quid

357 2234 464 2316 igitur,
486 2233 567 2316 quod
589 2236 778 2300 haecomnia
799 2236 829 2300 in
848 2233 1030 2316 Euangelio,
1053 2233 1135 2316 quod
1156 2234 1310 2302 Ponticum

358 2364 542 2449 appellatur,
567 2363 832 2430 desiderabantur?
876 2363 979 2428 Nonne
1009 2361 1173 2428 admodum
1189 2421 1193 2428 .
1207 2365 1321 2449 proba·

357 2495 416 2558 bite
437 2494 543 2559 exinde
567 2495 622 2577 iit,
645 2494 826 2560 Marcionem
846 2494 1020 2577 sibimetipsi
1043 2493 1258 2572 Euaugniium,
1275 2493 1317 2554 od

356 2644 408 2690 sua
431 2624 535 2707 placita
562 2623 758 2707 adaptatum,
779 2642 795 2688 e
819 2624 916 2688 Lucae
941 2621 1062 2704 digestis
1086 2619 1312 2686 nominasset

356 2751 489 2817 Necdum
510 2753 548 2815 de
563 2753 720 2835 omnibus,
738 2773 813 2836 quoe
827 2756 888 2816 hue
900 2754 1049 2838 pertinent
1061 2752 1177 2835 ‚docui
1197 2767 1315 2816 sumus.

357 2881 550 2948 Enimueroin
574 2882 672 2967 piures
692 2901 812 2965 quoque
833 2883 990 2947 incidimus
1013 2884 1145 2948 lectionis
1163 2880 1318 2946 diversita-

355 3021 419 3090 tes,
442 3031 516 3096 quas
538 3012 584 3074 rix
606 3011 663 3074 aiio
686 3031 777 3094 quam
799 3013 855 3076 hoc
870 3011 960 3078 modo
979 3013 1124 3097 explicare
1142 3029 1318 3097 possumus,

355 3149 387 3206 ui
407 3149 589 3223 statuemus,
613 3141 794 3205 Marcionem
818 3148 933 3206 textum
955 3143 1003 3206 hic
1025 3142 1084 3205 tttto
1104 3143 1196 3206 etiarn
1214 3151 1318 3206 mutn-

354 3271 448 3350 uisse,
471 3279 504 3333 ut
526 3289 579 3335 suo
600 3271 665 3334 usui
686 3271 779 3350 magis
808 3273 966 3336 inserviret.
1012 3269 1100 3350 Quod
1111 3289 1181 3336 cum
1197 3270 1236 3334 dc
1253 3273 1315 3337 icc·

354 3399 434 3464 tione
455 3405 469 3471 ὅ
496 3405 561 3478 θεὸς
583 3398 653 3461 Luc.
671 3399 720 3462 tv.
742 3399 800 3480 tt,
822 3401 889 3464 tuin
908 3399 946 3462 de
969 3400 1123 3486 permultis
1145 3399 1212 3464 aliis
1228 3400 1313 3466 uniet.

349 3682 355 3700 ¹
385 3698 420 3766 (t)
437 3697 501 3746 uus.
517 3697 590 3745 unc.
607 3696 649 3745 tv.
667 3695 707 3746 tn.

384 3784 419 3851 (2)
437 3779 548 3844 uahn,
570 3782 588 3832 Ι.
605 3782 622 3832 l.
638 3799 663 3848 p.
678 3783 737 3835 213.

384 3870 419 3938 (3)
437 3869 543 3930 Mahn,
559 3868 577 3918 Ι.
594 3869 611 3918 Ι.
627 3886 653 3934 p.
674 3869 732 3922 214.

383 3957 417 4026 (4)
435 3956 553 4022 Epiph.
571 3956 587 4006 l.
605 3957 622 4006 i.
639 3973 664 4021 p.
681 3955 731 4009 348
748 3974 784 4024 tq.
801 3954 883 4008 Schot.
899 3957 941 4010 77.

382 4043 417 4112 (5)
434 4043 589 4094 Mahniua
607 4059 637 4093 ex
653 4039 701 4092 hoc
718 4043 805 4092 ultimo
819 4043 898 4096 Lucae
913 4045 993 4112 capite
1009 4045 1082 4094 etiam
1098 4044 1159 4094 alios
1176 4045 1259 4110 plures
1274 4043 1309 4094 lc·

349 4145 392 4180 coa
407 4130 506 4192 citarit,
522 4129 660 4194 dequibus
676 4131 758 4177 tamen
774 4144 823 4179 nou
840 4132 897 4184 tatic
913 4135 1126 4196 consumatum
1142 4132 1248 4184 Marcion
1264 4147 1306 4182 ecs

347 4218 462 4272 hebuerit
475 4232 524 4282 pec
538 4231 578 4267 ne.
595 4214 612 4265 t.
629 4213 646 4264 Ι.
662 4229 689 4281 p.
704 4213 754 4266 218
769 4231 824 4282 sqq.
