2864 4996
407 589 504 651 rv.t
540 607 555 649 a
592 588 853 679 Tertulliano
887 585 1011 671 quidem
1043 587 1325 670 praeeminentes

362 717 660 803 reclamantium
686 723 722 790 da
745 723 919 804 roverate,
943 718 1112 802 coctano
1137 721 1199 790 ried
1216 720 1324 804 atuor.

359 854 472 920 Exinde
492 861 593 919 eutem
615 871 676 918 nou
697 853 802 934 acqui,
826 851 984 916 Teuticum
1009 869 1044 918 ea
1069 853 1240 930 mulera,
1269 853 1323 918 alii

355 986 442 1053 nobie
472 983 582 1048 indicio
608 1000 671 1048 esee
697 988 819 1064 possunt
851 980 930 1062 loci,
961 980 1014 1046 ubl
1041 981 1325 1047 Tertullianus

356 1118 464 1200 pariter
487 1110 664 1197 compendio
685 1109 816 1194 quodam
839 1110 986 1176 acriboudl
1012 1130 1084 1176 mne
1105 1118 1151 1175 eat
1174 1111 1228 1198 (l).

400 1245 446 1309 lle
461 1242 595 1323 lacunis,
618 1243 642 1305 si
665 1239 821 1305 Hahulo
841 1239 1069 1306 auscultmdum
1092 1243 1323 1324 ceurea,etiam

356 1376 407 1441 lV.
443 1373 566 1438 91-51
602 1371 715 1452 cbriia,
748 1371 789 1435 ita
822 1368 1014 1434 statuendum
1051 1369 1190 1452 vidntur,
1227 1372 1323 1438 ailen-

356 1507 432 1570 tium
456 1501 701 1568 Tertulliani
725 1519 784 1565 uon
806 1498 939 1566 sufficere
962 1497 1001 1564 ad
1023 1497 1320 1585 demonstrandum,

354 1635 535 1700 Marcionem
563 1639 641 1696 certa
673 1628 821 1712 quaedam
851 1627 961 1709 rerba,
988 1647 1065 1710 quae
1089 1630 1127 1694 ab
1150 1629 1320 1698 adversario

355 1855 369 1886 »
388 1838 430 1888 rec
446 1845 472 1889 er
488 1855 546 1888 cum
562 1837 671 1907 aaron:
687 1849 772 1884 omnes
788 1835 853 1883 curm
869 1835 929 1884 aaut
943 1834 988 1882 firrr
1004 1834 1062 1884 arei
1077 1835 1122 1902 (a.
1145 1836 1187 1900 nc)
1208 1817 1322 1888 osonu-

355 1931 414 1976 tur’'
438 1925 524 1990 reliq.,
549 1925 615 1974 uude
639 1917 948 1972 flrhnluaeffieereeibl
965 1921 1262 1983 circumactorum
1280 1943 1319 1980 vr.

352 2012 450 2064 15-25
472 2013 599 2066 deteriore.
632 2008 833 2060 ltitaclreliua
851 2012 935 2058 autem
951 2007 982 2060 ad
1004 2007 1065 2060 aliua
1090 2014 1208 2073 provocat
1231 2010 1317 2076 leena,

351 2099 395 2148 ubi
419 2099 640 2150 Tertullianua
663 2095 750 2145 eodem
771 2094 844 2159 plane
865 2093 938 2141 modo
955 2093 1039 2141 cedern
1063 2094 1168 2142 formula
1185 2111 1246 2145 uana
1261 2103 1311 2157 eat,

350 2185 398 2234 etat
417 2199 450 2234 ue
469 2182 610 2232 llalrniua
628 2179 728 2245 quidem
745 2177 803 2226 inde
818 2177 967 2227 concludere
982 2179 1084 2238 audeat,
1101 2180 1185 2245 aliqua
1199 2197 1214 2231 a
1230 2182 1307 2231 larcl-

350 2285 398 2318 una
421 2269 473 2318 illio
497 2266 665 2333 praetermitto
689 2279 758 2324 eree,
776 2265 793 2313 l.
818 2265 835 2314 l.
859 2280 884 2328 p.
905 2263 955 2314 157
975 2281 1012 2330 aq.
1046 2265 1175 2329 Ceterum,
1198 2269 1303 2318 lamam

349 2370 423 2419 cupra
446 2357 604 2403 memoratam
627 2352 651 2398 in
676 2349 802 2412 Euurrgelii
825 2349 921 2399 Pontici
944 2355 1012 2400 textu
1026 2352 1149 2415 adiniaco,
1163 2354 1238 2402 eliam
1254 2355 1309 2403 iude

347 2439 508 2505 comprobare
523 2435 606 2487 eludet
621 2433 758 2484 llahniua
768 2435 862 2498 ,quon
880 2435 1080 2502 interjacentium
1097 2453 1145 2494 ver.
1160 2439 1226 2490 nalla
1242 2455 1314 2490 men·

349 2527 417 2576 tione
440 2527 518 2587 laum,
543 2523 674 2574 Tertull.
698 2521 751 2572 Gal.
768 2523 811 2572 lv.
826 2524 843 2573 3
860 2523 893 2572 ila
908 2524 1008 2574 retulit:
1036 2540 1050 2574 a
1068 2526 1313 2578 tricennarium

348 2611 474 2661 hominem
495 2612 551 2660 dico
570 2609 642 2676 (quoe
658 2609 732 2656 verbo
747 2624 761 2656 e
776 2609 820 2656 lll.
842 2609 875 2658 15
900 2610 1011 2660 derurnta
1027 2611 1108 2674 eunt),
1126 2613 1180 2660 dum
1195 2625 1313 2660 etaemus

346 2695 459 2761 parvuli,
484 2695 531 2746 rub
554 2693 682 2746 elementia
703 2693 789 2742 mundi
807 2707 904 2745 eramue
918 2697 992 2763 periti
1007 2697 1037 2746 ad
1053 2697 1237 2748 demmiendnrn
1253 2699 1314 2748 εἰῶ·

347 2783 413 2848 (adr.
427 2785 459 2834 ll.
474 2783 505 2834 V.
521 2781 560 2850 l),
578 2798 633 2831 mox
646 2787 730 2832 autern
743 2781 845 2845 adjecit:
865 2784 1008 2835 Emoaccor
1019 2789 1129 2853 apologia
1142 2789 1308 2850 Marcionis,

347 2871 395 2919 uici
418 2867 485 2934 quod
508 2884 538 2918 ex
559 2868 694 2918 abundanti
714 2874 821 2918 retracto
840 2885 905 2933 quae
921 2869 1038 2928 abatuiit,
1056 2887 1135 2934 quum
1150 2872 1255 2919 validiua
1275 2873 1313 2920 eit

346 2958 417 3008 illum
439 2954 521 3006 exirit
536 2955 628 3004 revinci
644 2971 708 3018 quae
723 2955 855 3005 cervarii.”
886 2955 1003 3006 &lutare
1025 2955 1083 3006 eum
1104 2963 1227 3006 conantur
1248 2957 1317 3007 nir·

348 3042 491 3096 acheliue
514 3041 541 3108 (l.
565 3041 583 3092 l.
609 3057 634 3106 p.
657 3041 707 3090 158
730 3039 779 3106 oq.)
803 3047 829 3090 et
850 3041 969 3092 Bautica
994 3043 1055 3109 (1.1.
1079 3061 1103 3110 p.
1118 3043 1168 3098 113
1188 3044 1251 3115 ιφ),
1269 3046 1317 3096 ille
1396 3061 1397 3076 ¹

347 3130 461 3196 ponendo
485 3128 631 3177 Marcionem
654 3144 682 3176 ex
706 3128 903 3177 Tertulliani
926 3131 1048 3180 uenientia
1070 3135 1180 3198 rpnnga’o
1207 3137 1312 3180 tantum

347 3235 419 3274 urum
433 3235 499 3282 eree,
517 3224 547 3269 ut
561 3221 649 3270 verba:
675 3209 747 3274 narie
768 3211 884 3295 {otmar
898 3212 968 3286 λίγα
992 3223 1047 3288 (111.
1062 3223 1104 3290 15)
1129 3227 1186 3291 Gap.
1204 3237 1319 3291 aequen-

346 3313 378 3362 tia
399 3311 470 3362 initio
490 3317 626 3378 repetereta
649 3313 690 3362 liic
706 3315 871 3376 attendendo,
888 3315 1122 3364 Tertullianum
1137 3314 1235 3380 iprum,
1260 3331 1319 3366 non

346 3412 405 3446 raro
428 3397 574 3446 llarciouem
596 3400 756 3448 mutationem
773 3401 844 3448 irtam
865 3401 1030 3462 commiaine,
1054 3401 1203 3450 haereticam
1225 3407 1317 3451 autern

346 3482 472 3546 spongiam
503 3482 648 3532 innuentem
681 3486 823 3549 cogitante,
847 3491 877 3534 ut
900 3487 1013 3548 videtur,
1047 3487 1182 3536 abeeutiam
1206 3485 1252 3537 111.
1278 3485 1317 3550 7,

347 3584 421 3632 quam
437 3567 540 3616 Pontico
556 3569 652 3617 crimini
669 3570 748 3621 datam
765 3574 839 3622 suine
856 3589 928 3638 cupra
944 3574 1057 3624 vidimua.

379 3654 414 3720 (1)
431 3655 551 3704 Pronoeat
573 3655 729 3708 llitacirel.
751 3659 783 3708 ad
805 3659 858 3708 Gal.
881 3657 924 3707 v1.
939 3658 970 3718 9,
988 3655 1035 3722 to,
1059 3659 1104 3724 qni
1126 3661 1227 3709 locuta
1244 3659 1318 3710 Ter-

347 3741 418 3791 tull.
441 3741 490 3790 hoc
515 3742 588 3790 modo
612 3743 755 3796 decurtatur
778 3745 903 3794 redditur:
930 3745 1057 3794 »Bonum
1085 3750 1170 3794 antem
1191 3745 1318 3795 iaokntea

346 3841 397 3878 non
421 3827 564 3890 inligemurr
591 3832 618 3876 et
640 3828 700 3877 dum
722 3827 842 3880 lamus
856 3835 956 3896 tempu·
971 3844 1102 3896 operamne
1118 3830 1230 3880 bounm'’
1246 3831 1317 3894 (adr.

346 3914 378 3965 Ι.
394 3914 424 3963 V.
439 3912 475 3979 1).
497 3914 568 3979 Quod
584 3915 614 3964 ad
630 3912 703 3965 rerba
719 3931 793 3982 cupra
808 3914 906 3968 laudata
917 3918 1021 3979 attinet,
1038 3931 1069 3966 eo
1090 3917 1186 3967 nullius
1198 3935 1227 3968 aa
1242 3933 1319 3984 prae-

347 4001 484 4050 termittere
508 4003 589 4066 potnit
617 4003 855 4067 Tertullianua,
881 4004 963 4068 qnod,
993 4003 1083 4053 caterio
1105 4005 1229 4070 exceptio,
1260 4005 1318 4055 troo

339 4103 426 4136 >unum
442 4087 465 4136 ei
481 4091 545 4137 erret
560 4089 727 4154 proponitum:
745 4105 759 4136 a
776 4089 879 4154 probare
895 4091 993 4140 nullon
1010 4089 1086 4140 aliem
1101 4089 1181 4141 Teum
1194 4091 1226 4141 ala
1237 4105 1319 4158 apo·-

334 4158 399 4226 'aua
414 4173 585 4224 circumlatum
607 4190 661 4225 aa„
682 4189 757 4240 uam
778 4183 940 4228 memmei
956 4176 983 4244 n.
997 4177 1014 4227 r.
1029 4178 1059 4228 v.
1072 4177 1107 4244 r).
1121 4195 1150 4215 ·-
1166 4179 1279 4230 aalma
1289 4182 1310 4230 r.

342 4263 360 4313 l.
378 4262 393 4314 Ι.
411 4275 434 4326 p.
452 4260 509 4310 loo.
544 4263 636 4322 Baua,
653 4259 670 4309 l.
688 4262 705 4310 l.
723 4277 748 4326 p.
764 4261 822 4314 tlt.
